3717 5575
844 707 888 778 15

292 875 464 949 sententia
501 876 637 951 luerunt
672 880 1032 976 prae-Socraticorum
1068 879 1197 978 placita
1233 898 1312 955 sunt
1347 906 1431 981 cog·

292 998 481 1071 noscenda.
508 999 558 1073 Ut
579 1001 760 1075 Pnntorns
783 1003 891 1077 oculis
915 1005 1112 1078 intueamur
1129 1002 1265 1077 illorum
1277 1002 1429 1100 philoso

293 1118 424 1214 phiam,
452 1122 641 1219 praecipue
668 1141 723 1199 est
748 1127 985 1222 propositum,
1009 1125 1147 1215 deinde,
1171 1142 1209 1200 ut
1222 1127 1431 1200 decernatur

293 1264 339 1313 an
364 1258 461 1316 recte
489 1269 633 1319 munere
661 1272 726 1321 suo
755 1248 859 1322 suncti
880 1249 947 1323 sint
969 1247 1057 1322 oculi
1081 1247 1133 1321 illi.
1161 1247 1245 1341 Qua
1266 1248 1300 1320 in
1324 1274 1431 1345 quae·

293 1363 406 1438 stione
428 1365 456 1438 si
477 1391 601 1441 verum
615 1394 686 1442 non
699 1370 827 1445 vidisse
841 1369 1032 1469 aliquando
1046 1370 1230 1445 Platonem
1244 1387 1430 1467 appareat,

292 1484 326 1557 in
353 1488 562 1562 memoriam
585 1516 795 1566 revocemus
822 1492 1001 1566 Boscnffll
1027 1493 1151 1582 verba,
1179 1518 1286 1589 supra
1308 1490 1428 1582 allata,

293 1622 330 1680 et
350 1606 616 1684 Ciceronianum
635 1611 716 1686 illud
738 1615 948 1714 cogitemus,
967 1631 1150 1711 praestare
1162 1615 1335 1689 interdum
1350 1640 1429 1687 cum

292 1727 439 1805 Platone
466 1757 584 1807 errare
612 1760 722 1831 quam
750 1762 831 1810 cum
858 1736 931 1811 aliis
959 1762 1046 1811 vera
1072 1737 1209 1811 sentire.
1226 1733 1252 1833 ¹)

345 1853 530 1929 Postremo
569 1856 603 1929 in
644 1858 742 1932 huius
778 1859 1019 1956 disputationis
1049 1858 1175 1933 finibus
1205 1859 1430 1933 terminandis

292 1991 449 2075 rogatur,
486 1979 559 2075 qui
594 1980 679 2056 sint
715 1983 971 2078 superiores
997 1981 1056 2055 illi
1081 1975 1430 2079 philosophi,*de

292 2099 424 2196 quibus
446 2102 532 2198 quid
554 2103 756 2178 iudicaverit
777 2106 913 2195 Pmo,
938 2105 1188 2203 exponendum
1211 2105 1265 2179 sit.
1281 2104 1428 2202 Duplex

292 2237 414 2295 autem
434 2223 523 2298 inest
543 2227 725 2322 quaestio:
750 2228 822 2325 qui
841 2228 925 2302 sint
944 2227 1199 2325 philosophi
1218 2227 1427 2318 habendi,

292 2359 330 2417 et
356 2346 435 2442 qui
460 2348 691 2423 terminus
727 2350 914 2424 notioni
950 2349 1247 2424 antecedendi
1274 2350 1330 2423 sit
1355 2377 1427 2447 po·

291 2468 469 2542 nendus.
500 2468 594 2544 Cum
621 2497 708 2545 vero
735 2498 878 2571 semper
905 2473 1076 2547 memoria
1102 2474 1295 2547 tenendum
1317 2473 1361 2546 sit
1382 2473 1429 2546 de

290 2587 442 2663 Platonis
453 2592 579 2667 iudicio
592 2595 663 2694 agi,
679 2596 725 2669 de
739 2612 860 2670 nostro
873 2621 945 2670 non
959 2597 1030 2696 agi,
1045 2597 1078 2669 in
1092 2596 1207 2692 priore
1217 2596 1427 2692 quaestione

289 2710 358 2785 hoc
393 2729 449 2789 est
485 2716 790 2809 considerandum,
820 2745 938 2816 quos
964 2720 998 2792 in
1024 2717 1423 2816 philosophorum

290 2860 483 2911 numero
509 2839 734 2915 habuerit
760 2843 894 2915 Pnnuo.
921 2841 1033 2935 Quod
1057 2857 1096 2916 ut
1117 2842 1257 2932 sciatur,
1271 2842 1426 2917 breviter

291 2984 470 3055 quaenam
492 2961 526 3034 in
548 2961 697 3063 dialogis
718 2964 794 3038 eius
816 2964 976 3038 subiecta
997 2964 1041 3038 sit
1058 2964 1172 3038 verbo
1177 2964 1426 3062 philosophus

289 3081 397 3171 notio,
425 3107 605 3181 exponere
629 3111 722 3182 opus
745 3102 811 3176 est,
836 3112 911 3182 quo
934 3085 1029 3160 neto
1051 3084 1150 3159 facile
1173 3086 1361 3184 apparebit
1382 3113 1429 3161 an

288 3202 355 3277 hac
388 3205 523 3280 ratione
549 3206 749 3308 investigari
775 3208 899 3307 possit,
927 3209 974 3281 de
1003 3208 1129 3306 quibus
1156 3209 1220 3281 dici
1247 3224 1424 3305 oporteat,

290 3351 457 3424 quaeque
484 3329 531 3401 ad
558 3327 818 3427 philosophiam
844 3330 987 3403 omnino
1014 3355 1084 3403 non
1111 3330 1309 3427 pertineant
1331 3330 1425 3405 ideo

289 3475 361 3546 que
387 3448 521 3524 silentio
548 3451 614 3525 sint
639 3452 951 3550 praetereundaf')

339 3572 448 3672 Igitur
482 3600 565 3648 cum
599 3600 623 3648 a
660 3574 790 3673 quibus
816 3574 913 3648 initiis
939 3574 1130 3670 disputatio
1156 3573 1246 3647 haec
1273 3574 1424 3672 incipere

288 3693 431 3785 debeat,
452 3697 611 3770 nondum
630 3697 674 3771 sit
693 3698 931 3787 constitutum,
948 3697 1117 3794 quoniam
1130 3696 1342 3771 constituere
1354 3697 1423 3771 hoc

288 3816 394 3914 ipsius
416 3835 472 3893 est
491 3819 743 3916 disputationis,
768 3818 880 3894 multo
898 3818 1029 3892 facilius
1041 3819 1089 3892 ad
1103 3817 1209 3891 finem
1222 3814 1425 3916 perducitur

287 3938 398 4014 altera
423 3938 481 4013 illa
508 3943 683 4038 quaestio,
713 3967 788 4039 qua
816 3942 876 4016 ubi
901 3941 1167 4016 subsistendum
1193 3941 1237 4015 sit
1262 3957 1420 4041 rogatur.

339 4062 479 4136 Etenim
506 4088 589 4137 cum
615 4066 662 4138 de
684 4065 723 4138 iis
749 4080 886 4138 tantum
914 4061 1130 4161 philosophis
1157 4063 1200 4138 sit
1226 4064 1421 4164 agendum,

285 4185 363 4282 qui
389 4183 630 4260 Platonem
658 4187 1036 4276 antecesserint,
1060 4188 1186 4259 Pnnuo
1209 4204 1332 4261 autem
1356 4187 1421 4260 So·

283 4328 407 4379 onnus
433 4308 535 4382 fuerit
560 4308 760 4408 discipulus,
790 4334 915 4383 omnes
938 4326 1020 4384 sunt
1041 4309 1236 4399 omittendi,
1261 4310 1420 4407 quicum

329 4570 577 4635 1)Disput.Tusc.
597 4570 618 4636 1,
642 4581 683 4636 17,
701 4581 745 4634 39.

327 4656 355 4722 2)
373 4656 413 4706 Ea
436 4656 491 4707 lere
514 4657 603 4707 omnis
626 4656 695 4722 dico,
719 4657 752 4706 de
776 4657 872 4722 quibus
897 4656 997 4706 Gnouu
1022 4668 1078 4706 vau
1098 4657 1274 4707 Pammene
1293 4657 1321 4707 iu
1340 4674 1420 4723 opere

282 4740 386 4792 laudato
405 4743 468 4809 egit,
487 4743 604 4808 exceptis
624 4743 725 4793 scilicet
744 4743 920 4809 philosophis.
