3717 5575
969 605 1018 674 26

426 793 601 895 dinem,¹)
639 823 702 871 cur
738 813 863 872 tamen
901 798 981 896 ipse
1020 798 1147 871 Panno
1174 797 1209 870 in
1239 796 1412 894 operibus
1438 796 1555 870 ironia

424 916 486 992 illa
523 935 561 993 et
596 920 754 994 obscura
790 921 980 994 doctrinae
1008 917 1270 1018 explanandae
1297 920 1441 994 ratione
1469 944 1556 993 usus

425 1042 483 1131 sit,
513 1042 565 1133 iis,
595 1044 682 1141 ipsis
709 1044 833 1118 verbis
862 1044 1024 1143 quidem,
1054 1068 1128 1117 non
1156 1041 1377 1117 declaratur.

479 1190 513 1258 9.
546 1165 616 1238 His
636 1166 808 1239 omnibus
821 1167 1063 1241 consideratis
1073 1163 1100 1264 ⁹)
1122 1166 1253 1239 mimm
1268 1190 1343 1239 non
1357 1164 1553 1255 videbitur,

424 1302 513 1360 ante
534 1288 626 1362 haec
647 1303 819 1385 tempora
840 1288 1001 1379 fuisse,
1025 1288 1098 1386 qui
1120 1289 1388 1378 dubitarent,
1409 1311 1553 1361 annon

423 1433 534 1484 vera
572 1407 780 1484 Platonis
816 1411 1030 1485 doctrina
1067 1410 1255 1508 scriptis
1291 1410 1408 1501 eius,
1437 1433 1555 1507 quae

424 1547 622 1606 aetatem
671 1531 895 1623 tulerunt,
948 1534 1288 1623 contineretur,
1331 1546 1369 1606 et
1405 1547 1555 1631 praeter

424 1653 519 1726 hanc
534 1654 708 1728 habuisse
722 1681 808 1729 eum
823 1680 999 1729 arcanam
1015 1655 1205 1754 quandam
1220 1654 1427 1729 doctrinam
1441 1654 1555 1751 suspi-

424 1792 607 1866 carentur,
629 1775 717 1849 solis
731 1776 917 1875 discipulis
931 1779 1106 1852 traditam
1118 1813 1126 1869 3
1142 1778 1275 1875 quibus
1289 1777 1441 1851 dubium
1457 1792 1557 1851 esset

422 1922 470 1970 an
499 1898 622 1994 potius
645 1897 772 1972 dedita
794 1924 910 1996 opera
934 1898 1154 1972 multitudini
1177 1899 1270 1972 haec
1285 1897 1500 1995 scripsisset,
1515 1912 1556 1970 ut

422 2020 553 2093 videns
576 2017 638 2093 illa
662 2045 737 2093 non
761 2037 940 2114 cerneret,
959 2037 997 2096 et
1010 2021 1166 2095 audiens
1181 2045 1256 2094 non
1271 2017 1516 2118 intellegeret,
1527 2014 1554 2117 ⁸)

420 2344 460 2376 τοι
469 2322 563 2389 ruptos
572 2326 601 2377 dv
611 2326 701 2390 ἐρωτῶ.
717 2326 903 2376 Tunnn‘rnrvs
918 2331 1004 2375 autem
1021 2340 1068 2374 suo
1083 2325 1139 2374 iure
1154 2323 1338 2390 explanatione
1353 2323 1402 2374 hac
1417 2330 1555 2374 contentus

420 2418 472 2462 est:
496 2411 590 2475 Ἐρώτα
606 2412 645 2474 δή,
663 2413 757 2477 inquit.
776 2407 916 2463 Socunrns
930 2428 976 2462 cur
990 2418 1050 2476 agat
1067 2411 1103 2461 ita
1116 2419 1145 2461 ut
1159 2412 1223 2477 agit,
1235 2412 1302 2461 bene
1319 2412 1554 2478 explicat3P1nro

420 2513 482 2548 vero
500 2514 545 2548 cur
564 2499 694 2549 Socratem
712 2500 842 2549 induxerit
860 2507 886 2549 et
904 2499 972 2549 hanc
990 2498 1123 2548 doctrinae
1141 2498 1249 2548 sormam
1268 2498 1385 2564 elegerit,
1402 2514 1456 2549 non
1472 2498 1554 2564 expli·

420 2594 505 2652 catu13
525 2602 583 2635 eum
601 2587 638 2635 ita
655 2586 756 2652 secisse,
775 2587 955 2637 tantummodo
972 2593 1001 2636 ut
1020 2586 1152 2636 socnam
1166 2585 1318 2651 disputandi
1333 2586 1459 2636 rationem
1476 2584 1554 2649 signi·

421 2673 516 2738 ficeret,
535 2689 589 2722 non
607 2680 647 2722 est
664 2673 798 2723 credibile.

467 2759 493 2826 1)
511 2759 552 2810 Cf.
572 2759 683 2826 Cremo,
702 2760 783 2810 Aead.
802 2759 881 2826 prior.
900 2759 937 2826 11,
958 2768 1004 2824 15:
1023 2758 1140 2810 Socrates
1158 2765 1243 2810 autem
1257 2757 1291 2809 de
1307 2774 1335 2810 se
1351 2758 1409 2825 ipse
1418 2758 1555 2810 detrahens

420 2848 447 2897 in
465 2847 642 2912 disputatione
661 2847 722 2912 plus
741 2847 871 2896 tribuebat
889 2846 932 2912 iis,
951 2862 1018 2912 quos
1037 2846 1142 2896 volebat
1160 2846 1287 2897 refellere.

464 2932 493 3000 ι)
511 2932 539 2983 si
564 2933 596 2983 de
621 2932 737 2983 Platonis
761 2933 793 2982 de
817 2933 949 2998 prioribus
971 2932 1069 2983 iudicio
1093 2934 1187 2999 agitur,
1210 2934 1319 3000 secedit,
1342 2933 1414 2999 quod
1432 2933 1478 2983 ille
1496 2948 1555 2983 cum

418 3020 499 3070 rarius
528 3019 682 3069 nominatim
710 3018 759 3070 hos
786 3026 970 3070 commemoret
993 3036 1024 3069 ac
1048 3020 1136 3085 potius
1160 3021 1340 3070 communibus
1363 3028 1450 3071 utatur
1473 3021 1556 3071 norni-

419 3108 506 3174 nibus,
530 3114 583 3157 tum
607 3107 685 3157 etiam
709 3123 762 3157 non
788 3122 890 3173 semper
911 3122 957 3157 eos
976 3106 1046 3157 solos
1065 3108 1201 3172 impugnat
1219 3122 1285 3173 quos
1304 3107 1410 3157 definite
1429 3108 1553 3158 nominat.

419 3195 514 3245 Prioris
537 3194 573 3243 rei
598 3195 746 3261 exemplum
768 3193 901 3243 invenitur
921 3209 945 3243 e.
961 3210 986 3259 g.
1006 3193 1113 3243 Theaet.
1136 3191 1181 3243 181
1195 3195 1234 3244 A:
1253 3196 1312 3253 τοὺς
1329 3194 1436 3257 ῥέοντας,
1454 3200 1503 3244 τῆν
1520 3196 1555 3245 τὶ

416 3282 522 3340 ἀκίνητα
530 3280 659 3332 κινούντων
668 3278 851 3347 (Heraclitei)3
867 3282 893 3331 ol
904 3285 951 3331 τοῦ
963 3281 1022 3331 dhon
1031 3286 1175 3331 στασιῶται
1185 3280 1324 3347 (Eleatae);
1333 3280 1441 3331 Theaet.
1455 3280 1503 3345 156
1514 3282 1552 3331 A:

417 3370 538 3431 σκληροὺς
561 3367 604 3419 καὶ
629 3367 782 3426 discrima
807 3367 945 3430 tisipo'muc
980 3366 1164 3433 (Antisthenes
1197 3368 1306 3433 eiusque
1335 3367 1459 3435 familia),
1487 3366 1552 3417 ibid.

416 3456 515 3507 litare..
526 3494 550 3507 ..
567 3456 632 3506 τνλὸ
650 3454 807 3517 κομψότεροι.
826 3453 884 3504 alia.
904 3453 945 3504 Cf.
965 3461 1098 3519 praeterea
1113 3454 1227 3504 Guttam
1243 3456 1323 3505 verba
1337 3453 1421 3520 (Cult.
1430 3472 1456 3505 u.
1467 3454 1552 3519 Myth.

419 3556 478 3607 pag.
497 3540 572 3606 614),
589 3540 710 3606 proximo
728 3540 805 3591 huius
823 3541 911 3605 operis
929 3541 1016 3606 capite
1033 3540 1121 3605 allata,
1140 3548 1166 3591 et
1185 3542 1280 3592 Hm.
1299 3557 1323 3591 0.
1332 3541 1351 3591 1.
1370 3558 1430 3607 pag.
1448 3541 1506 3605 146.

462 3628 504 3678 De
527 3628 607 3677 altera
631 3643 658 3677 re
678 3627 798 3678 audiatur
816 3628 993 3678 numurus
1011 3628 1064 3677 o.l.
1084 3643 1144 3693 pag.
1163 3628 1229 3692 336:
1251 3628 1423 3692 „Ausserdenr
1442 3629 1505 3693 liegt
1524 3643 1552 3678 es

417 3715 445 3764 in
464 3714 511 3764 der
527 3714 610 3763 Natur
628 3714 673 3764 der
691 3714 783 3779 Sache,
800 3714 859 3764 dass
877 3713 961 3779 Plato,
979 3713 1046 3764 auch
1064 3729 1105 3763 wo
1124 3729 1152 3763 er
1169 3714 1293 3765 zunttchst
1308 3730 1357 3765 nur
1371 3730 1456 3780 gegen
1471 3715 1551 3766 bitere

418 3800 595 3866 Philosophen
619 3800 681 3850 oder
705 3800 846 3865 Sophisten
871 3815 901 3849 zu
922 3799 1029 3849 streiten
1048 3799 1160 3864 scheint,
1178 3800 1246 3851 doch
1264 3801 1330 3851 auch
1348 3801 1420 3852 seine
1439 3802 1549 3867 eigenen

417 3889 600 3954 Zeitgenossen
622 3887 677 3937 und
702 3887 864 3953 Mitschttler‚
888 3886 1004 3936 insofem
1028 3886 1066 3936 sie
1088 3886 1168 3951 jenen
1194 3887 1261 3938 nabe
1285 3887 1395 3938 standen
1414 3888 1478 3938 oder
1495 3888 1551 3939 sich

417 3976 498 4025 ihnen
516 3974 695 4040 anschlossen,
716 3974 753 4024 im
777 3975 852 4039 Auge
877 3972 948 4023 hat’'.

461 4060 502 4112 Cs.
520 4060 636 4126 denique
653 4061 771 4127 Zmns,
790 4060 835 4109 Ph.
856 4060 881 4110 d.
901 4060 947 4111 Gr.
966 4060 989 4126 1,
1010 4060 1046 4126 1⁸,
1061 4076 1121 4126 pag.
1139 4058 1204 4125 583:
1222 4061 1303 4125 „auch
1320 4062 1393 4112 Plato
1408 4063 1554 4113 verbessert

416 4147 459 4197 die
484 4147 639 4212 nnsicuten,
662 4147 705 4196 die
730 4162 758 4196 er
782 4146 928 4212 bekiimpit,
953 4146 1026 4196 nicht
1050 4147 1134 4197 selten
1153 4148 1220 4197 nach
1242 4148 1328 4198 Inhalt
1346 4148 1401 4200 und
1419 4147 1555 4215 Fassung”

418 4241 496 4284 ...et
520 4232 634 4284 Sanun.
656 4232 689 4282 ad
707 4233 823 4298 Republ.
842 4233 876 4298 V,
894 4243 946 4296 453
958 4234 1000 4283 A:
1020 4232 1154 4297 „Socrates
1173 4233 1378 4285 adversariorum
1396 4242 1555 4302 argumema,

417 4321 512 4386 quibus
531 4319 613 4385 ipsius
631 4320 757 4370 rationem
776 4335 930 4385 oppugnare
948 4319 1060 4386 possint,
1078 4320 1106 4369 in
1125 4320 1239 4370 medium
1259 4321 1332 4371 affert
1351 4322 1387 4372 ita
1405 4329 1434 4371 ut
1450 4321 1554 4372 illorum

416 4414 502 4472 partes
520 4408 665 4472 suscepisse
683 4405 831 4456 videatur.’'

461 4493 490 4559 3)
508 4493 549 4543 Cf.
572 4494 691 4559 Znnunn,
717 4493 763 4542 Ph.
789 4493 814 4543 d.
840 4492 885 4542 Gr.
910 4492 946 4544 11.
975 4492 1010 4558 1⁴,
1035 4509 1094 4558 pag.
1121 4491 1188 4556 484:
1209 4495 1301 4557 „huch
1319 4510 1372 4544 von
1391 4495 1441 4545 den
1461 4495 1555 4545 tehten

418 4578 547 4630 Schriften
565 4580 611 4630 hat
628 4595 689 4629 man
708 4595 763 4628 nun
782 4578 886 4629 sreilich
903 4579 1057 4644 bezweiielt,
1078 4579 1137 4629 dass
1156 4579 1193 4630 sie
1210 4596 1259 4630 uus
1275 4582 1318 4631 ein
1333 4589 1418 4632 trenes
1433 4581 1554 4631 Bildvon

418 4665 533 4716 Psaro’s
551 4665 652 4734 System
670 4666 765 4734 geben.
784 4665 878 4717 Dieser
897 4665 1051 4733 Philosoph,
1069 4666 1116 4717 bat
1132 4682 1196 4717 man
1214 4668 1347 4737 geglsubt,
1361 4669 1430 4721 habe
1445 4668 1558 4721 absicht·
