3717 5575
986 678 1034 729 20

442 864 507 923 aut
527 848 651 940 etiam,
671 874 753 923 cum
778 848 955 946 plurimos
979 850 1274 948 clarissimosque
1297 850 1469 949 dialogos
1487 853 1570 926 scri·

442 971 576 1067 psisset
603 972 741 1063 ΡιΑτο,
770 970 830 1044 alii
855 997 1006 1070 quoque
1037 972 1162 1046 incerti
1190 971 1341 1046 alicuius
1368 972 1429 1046 vel
1452 974 1569 1072 ignoti

441 1094 601 1168 auctoris
623 1092 763 1192 dialogi
785 1094 951 1168 eiusdem
974 1096 1122 1193 generis
1141 1110 1275 1193 sponte
1290 1096 1373 1168 huic
1387 1097 1569 1170 adscribe·

441 1216 588 1290 bantur.

495 1337 570 1413 Sed
606 1364 689 1413 cum
717 1340 765 1414 de
794 1339 931 1413 haere
959 1336 1071 1437 plane
1099 1339 1334 1414 consentiant
1361 1340 1428 1413 viri
1456 1341 1568 1434 docti,

441 1485 580 1559 magna
604 1462 775 1559 quaestio
789 1477 856 1553 est,
872 1462 943 1559 qui
952 1463 1099 1560 dialogi
1110 1463 1291 1537 subditiva·
1301 1464 1381 1537 sint
1393 1464 1555 1538 habendi
1559 1501 1572 1553 ,·

441 1583 477 1656 in
519 1609 594 1680 qua
634 1583 747 1658 etiam
789 1599 875 1681 post
918 1582 1162 1659 Uauunwson
1201 1611 1296 1684 opus
1306 1583 1333 1684 ¹)
1370 1585 1431 1659 alii
1467 1584 1573 1660 aliter

441 1702 643 1804 censent')
668 1707 838 1801 Quorum
862 1706 986 1779 varias
1005 1705 1217 1804 singillatim
1235 1707 1444 1804 ponderare
1459 1708 1572 1807 opini-

442 1852 545 1917 ones,
574 1853 642 1902 nec
670 1827 853 1903 facultatis
880 1853 989 1902 meae
1018 1854 1086 1903 nec
1113 1829 1220 1903 huius
1248 1831 1371 1928 operis
1394 1846 1462 1905 est.

496 1948 578 2023 Nec
606 1951 794 2048 disputare
821 1948 910 2024 libet
939 1952 987 2024 de
1014 1951 1129 2049 signis
1156 1952 1340 2048 notisque,
1366 1953 1499 2051 quibus
1521 1953 1569 2026 de

441 2070 675 2172 dialogorum
701 2072 775 2148 fide
798 2073 1039 2147 iudicaverint
1061 2073 1129 2147 viri
1150 2074 1260 2165 docti,
1271 2071 1298 2171 ³)
1322 2091 1387 2149 aut
1401 2099 1424 2148 a
1438 2076 1571 2173 quibus

441 2198 579 2272 normis
607 2197 730 2270 critica
757 2221 818 2270 ars
845 2211 945 2270 recte
973 2196 1141 2270 adhibita
1169 2196 1348 2294 proficisci
1372 2198 1510 2272 debeat
1533 2198 1570 2271 in

441 2322 511 2394 hac
538 2346 591 2410 re,
619 2319 842 2392 examinare.
853 2317 881 2416 4)
910 2317 1006 2392 Cum
1031 2318 1267 2393 nihilominus
1286 2344 1382 2415 quos
1396 2318 1570 2419 dialogos

440 2443 512 2517 hac
538 2443 574 2515 in
599 2440 818 2539 quaestione
842 2466 910 2537 pro
934 2441 1066 2538 spuriis
1089 2441 1280 2515 habiturus
1304 2441 1384 2533 sim,
1409 2442 1571 2516 indicare

442 2589 593 2638 necesse
606 2564 675 2654 sit,
702 2562 916 2636 Heluium
940 2588 1077 2659 sequar
1097 2563 1267 2655 indicem,
1283 2590 1395 2661 quem
1410 2564 1446 2637 in
1461 2581 1570 2639 sexto

445 2760 631 2774 ..μ

442 2889 482 2937 De
507 2887 565 2937 titel
588 2902 639 2936 van
663 2901 713 2936 een
736 2884 806 2936 boek
829 2885 890 2935 toch
912 2884 983 2935 werd
1007 2883 1099 2934 buiten
1117 2900 1166 2935 nan
1186 2884 1219 2935 de
1238 2885 1278 2935 rol
1295 2887 1469 2952 nangebracht
1487 2903 1520 2938 en
1539 2887 1572 2938 de

441 2989 517 3024 naam
535 2989 584 3024 van
604 2974 655 3023 den
673 2972 797 3037 schrijrer
820 2972 905 3022 kwam
923 2971 1024 3037 zelden,
1042 2971 1154 3022 behalve
1171 2972 1207 3036 bij
1226 2972 1472 3038 historieschriJ'vers
1490 2990 1523 3025 en
1543 2974 1570 3024 in

441 3060 558 3125 brieven,
571 3060 599 3110 in
615 3060 660 3109 het
674 3058 745 3109 werla
759 3058 812 3109 zelt'
824 3073 896 3108 νοοῖ.
912 3057 965 3124 [Cf.
982 3058 1059 3108 huius
1074 3059 1162 3124 operis
1177 3074 1237 3125 pag.
1255 3072 1287 3109 22
1297 3059 1357 3109 adu.
1368 3059 1404 3127 2].
1415 3060 1456 3111 En
1466 3061 1571 3112 daarnu

440 3146 511 3197 ieder
529 3146 607 3212 boek,
625 3146 677 3196 ook
697 3145 735 3195 als
753 3144 896 3196 onderdeel
915 3160 966 3195 van
984 3159 1033 3195 eeu
1052 3144 1144 3210 geheel
1163 3144 1242 3211 uerk,
1260 3161 1309 3196 een
1327 3145 1513 3211 ainonderlijke
1532 3147 1570 3197 rol

441 3233 547 3283 vormde
562 3249 595 3283 en
609 3232 658 3282 dus
673 3248 722 3282 een
737 3230 941 3295 aizunderlijken
952 3231 1010 3281 titel
1019 3240 1102 3281 moest
1111 3231 1226 3298 hebben,
1234 3231 1286 3298 die,
1295 3232 1382 3282 omdat
1391 3233 1427 3297 hij
1438 3248 1466 3282 er
1475 3233 1571 3284 slechts

442 3335 492 3370 van
513 3320 604 3369 buiten
629 3318 791 3383 aangehecht
809 3334 870 3384 was,
887 3317 953 3368 licht
972 3318 1026 3367 lton
1044 3317 1158 3368 afvallen
1173 3333 1207 3367 en
1226 3318 1289 3367 zoek
1307 3318 1397 3385 taken,
1415 3320 1437 3370 is
1454 3319 1501 3370 het
1518 3320 1574 3371 niet

440 3412 467 3457 te
491 3405 686 3472 verwonderen,
710 3404 755 3455 dat
779 3405 869 3471 menig
893 3404 963 3455 boek
985 3405 1081 3455 zunder
1100 3404 1158 3455 titel
1176 3404 1359 3455 ronddwaalde
1377 3406 1408 3456 oi
1422 3406 1488 3457 later
1511 3422 1573 3457 naar

440 3493 540 3558 gissing
563 3507 613 3543 een
637 3490 795 3542 verkeerdeu
821 3490 879 3541 titel
903 3490 983 3556 kreeg
1008 3490 1061 3557 [Cf.
1086 3491 1325 3542 Patiar-Wsssown
1348 3492 1366 3544 i.
1382 3508 1407 3542 v.
1431 3493 1504 3543 Buch
1522 3493 1572 3560 111,

441 3580 490 3632 eol.
511 3590 571 3644 959,
590 3595 629 3629 vs.
647 3577 772 3644 30sqq.].
796 3577 903 3641 Daarbij
930 3577 1003 3627 komt
1027 3577 1079 3627 dau
1103 3592 1164 3643 nog,
1189 3577 1243 3641 dat,
1267 3585 1328 3628 toen
1346 3578 1412 3628 later
1429 3579 1461 3629 de
1480 3580 1573 3630 codex·

441 3682 514 3716 vorm
537 3667 566 3716 in
591 3681 681 3730 awang
704 3664 798 3728 kuam,
822 3664 878 3714 niet
901 3663 994 3714 zelden
1012 3663 1203 3714 verschillende
1221 3664 1324 3714 boeken
1342 3665 1370 3715 in
1389 3681 1472 3717 eenen
1490 3666 1572 3717 codex

440 3752 585 3803 verzameld
602 3751 706 3802 werden
725 3766 759 3800 en
777 3749 869 3800 allicht
885 3750 969 3800 under
986 3765 1035 3800 een
1053 3749 1155 3800 aeliden
1173 3750 1232 3801 titel
1250 3750 1395 3805 kwamen.”

488 3839 515 3906 ι)
533 3838 767 3902 Untersuchnngen
786 3851 846 3902 sqq.

486 3926 515 3992 2)
532 3926 563 3975 In
589 3925 675 3974 animo
698 3923 778 3973 habui
801 3923 852 3973 hoc
876 3923 936 3973 loco
961 3923 1062 3973 adicere
1085 3922 1201 3974 tabulam
1225 3940 1278 3990 qua
1300 3925 1488 3991 significaretur
1505 3941 1573 3992 quae

440 4028 521 4078 opera
538 4029 554 4062 a
571 4012 667 4076 quibus
691 4010 753 4061 viris
777 4008 862 4059 doctis
885 4009 920 4059 ab
944 4010 1002 4074 ipso
1028 4009 1136 4060 Platone
1154 4011 1252 4076 scripta
1269 4027 1325 4061 esse
1342 4011 1508 4062 haberentur.
1527 4013 1574 4062 At·

441 4106 527 4149 tamen
554 4098 675 4164 perspexi
699 4097 749 4146 hoc
774 4096 829 4146 fieri
852 4110 907 4145 uon
933 4111 1019 4161 posse,
1043 4111 1101 4146 cum
1125 4096 1201 4146 multi
1226 4097 1272 4162 qui
1298 4097 1330 4147 de
1353 4098 1402 4148 hac
1420 4099 1574 4164 quaestione

441 4186 597 4250 scripserant
624 4184 656 4233 de
685 4182 840 4248 quibusdam
867 4181 978 4247 dialogis
1009 4182 1134 4232 iudicium
1166 4183 1302 4249 tulissent,
1332 4184 1365 4234 de
1389 4186 1447 4235 aliis
1469 4202 1522 4236 rem
1544 4186 1573 4236 in

440 4272 527 4322 medio
551 4271 719 4336 reliquissent
743 4286 766 4320 e.
785 4285 810 4334 g.
836 4268 977 4319 Goutunuz.
1003 4269 1124 4319 Ceterum
1147 4268 1287 4320 multorum
1308 4270 1443 4322 doctorum
1461 4274 1572 4324 virorum

440 4359 581 4424 opiniones
598 4357 727 4407 recensuit
745 4357 820 4405 Hutt·
835 4355 888 4405 o.l.
908 4355 961 4405 vol.
980 4356 1016 4405 ΙΙ.
1036 4371 1095 4420 pag.
1118 4366 1228 4419 1-319.

486 4447 514 4513 3)
533 4445 574 4496 Ci.
591 4445 709 4508 Znntun,
728 4442 774 4491 Ph.
793 4442 820 4491 d.
840 4441 886 4492 Gr.
905 4443 941 4499 ΙΙ,
962 4441 997 4508 1⁴,
1017 4458 1094 4508 pagg.
1113 4453 1263 4505 471-474.

484 4532 513 4598 4)
532 4532 601 4581 Illud
619 4537 719 4581 tantum
736 4535 862 4578 annotare
879 4527 944 4577 mihi
959 4527 1046 4594 liceat,
1064 4543 1122 4578 mea
1139 4527 1246 4593 quidem
1264 4530 1399 4598 opinione,
1417 4532 1569 4597 praesertim

440 4635 499 4669 cum
515 4618 547 4668 de
565 4618 673 4668 Platone
690 4621 788 4682 agatur,
807 4614 835 4663 in
854 4612 1007 4678 separandis
1023 4614 1136 4664 verisne
1152 4614 1495 4682 subditiciisoperibusnon
1505 4618 1570 4668 mul·

441 4715 495 4755 tum
513 4704 678 4754 tribuendum
696 4718 752 4752 esse
770 4699 898 4750 variorum
916 4701 1079 4765 dialogorum
1098 4701 1166 4751 inter
1184 4717 1211 4751 se
1229 4702 1421 4769 discrepantiis.
