3717 5575
1889 665 2030 735 168

818 876 1202 936 auctorum
1259 861 1648 952 sententia,
1708 886 1857 935 non
1915 858 2194 934 dicitur.
2259 858 2366 931 Ut
2416 859 2742 933 breviter
2795 859 3077 933 dicam:

818 984 1009 1057 Tim.
1089 1007 1191 1076 40
1223 984 1296 1057 D
1365 987 1425 1060 οἱ
1497 983 1811 1089 εἰρηκότες
1882 979 2226 1088 ἔμπροσθεν
2302 996 2471 1055 sunt
2526 981 2572 1054 ii
2630 983 2754 1080 qui
2808 997 3077 1081 agunt:

819 1105 1010 1204 Rep.
1111 1111 1262 1200 364
1318 1105 1383 1178 E
1479 1115 1806 1197 Μουσαῖος
1895 1108 2008 1182 καὶ
2103 1099 2392 1208 Ὀρφεύς,
2474 1106 2760 1196 Σελήνης
2829 1136 2893 1182 τε
2972 1107 3080 1181 καὶ

821 1241 1095 1308 Μουσῶν
1169 1224 1418 1331 ἔγγονοι
1489 1227 1557 1317 ii,
1631 1228 1725 1301 de
1791 1227 2057 1325 quibus
2121 1226 2400 1323 agitur3
2464 1224 2560 1320 3⁰.
2621 1226 2812 1299 Tim.
2874 1250 2977 1318 40
3008 1225 3078 1298 D

819 1375 968 1424 una
1012 1366 1300 1424 tantum
1348 1349 1857 1447 interpretatio
1907 1365 2042 1440 est,
2095 1374 2262 1421 curn
2310 1348 2407 1422 ad
2465 1345 2641 1420 nihil
2699 1345 2898 1421 aliud
2948 1346 3080 1419 nisi

823 1473 922 1547 ad
977 1473 1262 1577 ἐκγόνοις
1317 1477 1471 1550 θεῶν
1526 1459 1702 1551 οἶσιν
1760 1471 2011 1546 referri
2069 1471 2352 1568 possint
2395 1471 2631 1544 verba
2676 1475 2764 1562 ὡς
2810 1467 3077 1574 ἔφασαν,

821 1596 1027 1693 quod
1074 1611 1464 1693 praeterea
1510 1611 1767 1692 aperte
1817 1595 2177 1669 indicatur
2223 1593 2491 1667 additis
2539 1591 2925 1667 vocabulis
2960 1591 3078 1695 μὲν

819 1763 922 1773 -
996 1719 1105 1796 δέε
1181 1718 1468 1822 ἐκγόνοις
1523 1716 1678 1820 μὲν
1735 1723 1890 1796 θεῶν
1947 1704 2124 1796 οἶσιν
2179 1761 2281 1773 —
2339 1731 2557 1820 σαφῶς
2612 1717 2711 1794 δέ
2757 1748 2876 1795 που
2934 1712 3081 1808 τούς

819 1873 890 1944 γε
965 1841 1176 1918 αὐτῶν
1249 1839 1601 1943 προγόνους
1674 1840 1951 1918 εἰδόσινε
2030 1839 2220 1936 Rep.
2303 1844 2454 1932 364
2485 1838 2550 1911 E
2624 1839 2862 1935 ipsum
2936 1837 3080 1912 hoc

819 1960 1220 2059 quaeritur,
1297 1986 1448 2058 quo
1523 1959 1681 2034 illa:
1758 1960 1841 2052 ὥς
1896 1993 2050 2065 φασι
2108 1961 2564 2059 pertineant3
2625 1958 2707 2052 4⁰
2760 1959 3082 2057 denique

819 2129 921 2139 —-
997 2084 1069 2156 id
1127 2084 1331 2181 quod
1389 2083 1703 2181 posthac
1759 2083 2101 2180 probabo
2158 2128 2260 2137 ——
2315 2083 2508 2157 Tim.
2570 2107 2673 2175 40
2704 2083 2777 2155 D
2834 2082 3082 2156 verbis

815 2216 947 2298 τοῖς
992 2205 1301 2309 εἰρηκόσιν
1334 2202 1677 2308 ἔμπροσθεν
1709 2206 2013 2278 omnino
2043 2230 2191 2278 non
2222 2205 2676 2303 significatur
2705 2203 3076 2302 Orpheus

823 2329 998 2426 Ipsa
1051 2343 1303 2402 autem
1361 2327 1570 2417 haec,
1631 2327 1898 2424 quibus
1953 2352 1999 2401 a
2045 2326 2335 2400 Timaei
2382 2324 2549 2400 loco
2597 2326 2840 2401 differt
2888 2327 3077 2423 Rep.

824 2456 974 2546 364
1005 2450 1095 2540 E,
1157 2450 1478 2523 WEBERI
1531 2449 1946 2523 sententiae
2002 2448 2370 2523 contraria
2425 2465 2614 2522 sunt.

927 2572 1270 2668 Denique
1324 2570 1606 2661 dubito,
1664 2595 1913 2644 annon
1965 2572 2266 2644 omnino
2314 2570 2409 2643 de
2457 2586 2618 2645 toto
2664 2568 2833 2644 loco
2879 2586 3079 2645 recte

821 2691 1255 2766 iudicaverit
1310 2693 1644 2765 WEBER:
1703 2691 1978 2765 scilicet
2030 2693 2256 2766 etiam
2299 2692 2358 2765 si
2406 2708 2805 2784 constaret,
2855 2692 3080 2792 ipsius

823 2816 1199 2888 PLAToms
1235 2814 1680 2888 sententiam
1719 2814 2099 2904 contineri,
2142 2830 2641 2912 quaereretur,
2677 2840 2853 2888 num
2883 2832 3080 2889 recte

823 2937 1014 3011 hanc
1060 2936 1505 3011 sententiam
1553 2936 2080 3033 interpretatus
2126 2953 2358 3011 esset:
2401 2936 2576 3009 mihi
2607 2937 2905 3034 quidem
2936 2936 3082 3012 alia

821 3060 1115 3135 videtur
1160 3059 1300 3134 loci
1348 3060 1482 3152 vis,
1533 3060 1628 3133 de
1677 3084 1825 3157 qua
1873 3075 2126 3134 tamen
2174 3059 2292 3133 hic
2338 3085 2488 3133 non
2519 3075 2632 3133 est
2661 3059 3076 3134 dicendum.

928 3183 1080 3256 Sed
1138 3181 1211 3254 id
1269 3182 1508 3279 ipsum
1567 3226 1669 3236 —
1727 3183 2103 3255 PLATON1S
2159 3181 2408 3255 referri
2466 3181 2892 3279 opinionem
2941 3181 3086 3255 hoc

820 3302 988 3379 loco
1062 3349 1164 3361 —
1242 3304 1545 3397 omnino
1602 3329 1752 3378 non
1810 3320 2135 3378 constat:
2196 3329 2346 3377 non
2403 3303 2741 3377 dicuntur
2794 3304 2981 3378 haec
3039 3330 3085 3378 a

824 3427 1195 3518 SOCRATE,
1247 3426 1396 3523 qui,
1447 3427 1776 3523 exceptis
1823 3426 1910 3499 iis
1957 3451 2153 3523 quae
2201 3427 2561 3524 prooemii
2609 3426 2777 3500 loco
2826 3441 3084 3500 contra

824 3550 1473 3623 THRASYMACHUM
1521 3549 2056 3647 disputaverat,
2106 3548 2397 3623 decimo
2445 3548 2745 3623 demum
2785 3549 3086 3622 secundi

824 3670 985 3745 libri
1040 3670 1284 3769 capite
1341 3673 1520 3766 (367
1557 3671 1652 3766 E)
1708 3698 1919 3746 suam
1978 3670 2205 3768 ipsius
2252 3669 2699 3744 sententiam
2746 3670 3088 3768 exponit:

826 3793 1000 3866 dicit
1046 3793 1233 3867 haec
1283 3792 1767 3884 ADIMANTUS,
1819 3793 2258 3867 GLAucoms
2294 3793 2542 3883 frater,
2588 3810 2759 3891 post
2786 3793 3088 3867 fratrem

824 3916 1057 3990 verba
1140 3914 1451 3989 faciens:
1538 3931 1952 4013 uterque
2037 3933 2363 3990 tamen
2448 3940 2596 3989 non
2682 3915 3093 4013 exponit

829 4064 1073 4136 quae
1154 4037 1366 4136 ipse
1449 4039 1798 4130 sentit,
1885 4039 2052 4113 sed
2137 4064 2383 4136 quae
2459 4037 2634 4112 alii
2709 4054 3093 4111 conten-

825 4160 1090 4235 disse
1163 4160 1627 4234 dicuntur
1708 4161 2057 4253 refert,
2136 4161 2455 4236 GLAUco
2526 4161 3091 4234 THRASYMACHI

829 4299 1077 4380 partes
1148 4283 1284 4356 sibi
1357 4310 1659 4357 sumens
1730 4328 1833 4338 —
1910 4284 2035 4380 qui
2108 4282 2308 4380 prius
2383 4309 2609 4379 quam
2666 4282 2994 4380 oportuit
3046 4306 3092 4355 a

829 4407 1173 4478 SOCRATE
1246 4420 1631 4503 tamquam
1707 4431 2014 4503 serpens
2087 4431 2168 4479 se
2243 4401 2524 4478 deliniri
2598 4430 2861 4502 passus
2930 4431 3092 4479 esse

833 4527 896 4599 ei
969 4526 1362 4601 videbatur
1425 4572 1553 4619 —,
1611 4526 1920 4624 eiusque
1974 4527 2491 4623 redintegrans
2549 4526 2977 4622 opinionem
2999 4523 3089 4623 ¹);

922 4709 975 4777 1)
1012 4709 1093 4760 Cf.
1123 4709 1311 4776 3583:
1342 4706 1434 4756 Ἴθι
1467 4706 1542 4766 δή,
1569 4705 1683 4771 ²0¹¹,
1710 4706 1922 4757 ἤκουσαν
1951 4705 2036 4760 καὶ
2053 4704 2189 4767 inoff,
2208 4702 2293 4756 ὅάν
2312 4723 2393 4756 σοι
2410 4704 2582 4756 ταῦτὰ
2602 4705 2733 4771 δοκῇ.
2752 4705 3100 4770 Θρασύμαχος
