<?xml version="1.0" encoding="UTF-8"?>
<!DOCTYPE html PUBLIC "-//W3C//DTD XHTML 1.0 Transitional//EN"
    "http://www.w3.org/TR/xhtml1/DTD/xhtml1-transitional.dtd">
<html xmlns="http://www.w3.org/1999/xhtml" xml:lang="en" lang="en">
 <head>
  <title>
</title>
<meta http-equiv="Content-Type" content="text/html;charset=utf-8" />
  <meta name='ocr-system' content='tesseract 3.04.00' />
  <meta name='ocr-capabilities' content='ocr_page ocr_carea ocr_par ocr_line ocrx_word'/>
</head>
<body>
  <div class='ocr_page' id='page_1' title='image "./deplatonepraeso02woltgoog_0122.png"; bbox 0 0 3717 5575; ppageno 0'>
   <div class='ocr_carea' id='block_1_1' title="bbox 960 591 1032 660">
    <p class='ocr_par' dir='ltr' id='par_1_1' title="bbox 960 591 1032 660">
     <span class='ocr_line' id='line_1_1' title="bbox 960 591 1032 660; baseline 0 -18"><span class='ocrx_word' id='word_1_1' title='bbox 960 591 1032 660; x_wconf 89' lang='lat'>104</span> 
     </span>
    </p>
   </div>
   <div class='ocr_carea' id='block_1_2' title="bbox 425 764 1558 2946">
    <p class='ocr_par' dir='ltr' id='par_1_2' title="bbox 425 764 1558 2092">
     <span class='ocr_line' id='line_1_2' title="bbox 478 764 1557 865; baseline -0.004 -24"><span class='ocrx_word' id='word_1_2' title='bbox 478 767 651 865; x_wconf 90' lang='lat' dir='ltr'>Denique</span> <span class='ocrx_word' id='word_1_3' title='bbox 661 766 805 840; x_wconf 90' lang='lat' dir='ltr'>collatis</span> <span class='ocrx_word' id='word_1_4' title='bbox 814 792 911 864; x_wconf 91' lang='lat' dir='ltr'>quae</span> <span class='ocrx_word' id='word_1_5' title='bbox 921 764 1120 863; x_wconf 87' lang='lat' dir='ltr'>superioris</span> <span class='ocrx_word' id='word_1_6' title='bbox 1130 764 1291 862; x_wconf 88' lang='lat' dir='ltr'>paginae</span> <span class='ocrx_word' id='word_1_7' title='bbox 1298 765 1384 838; x_wconf 93' lang='lat' dir='ltr'>adn.</span> <span class='ocrx_word' id='word_1_8' title='bbox 1401 765 1557 864; x_wconf 88' lang='lat' dir='ltr'>2legun·</span> 
     </span>
     <span class='ocr_line' id='line_1_3' title="bbox 426 886 1558 987; baseline -0.004 -23"><span class='ocrx_word' id='word_1_9' title='bbox 426 886 531 987; x_wconf 84' lang='lat' dir='ltr'>tur¹),</span> <span class='ocrx_word' id='word_1_10' title='bbox 560 888 609 963; x_wconf 89' lang='lat' dir='ltr'>ad</span> <span class='ocrx_word' id='word_1_11' title='bbox 632 889 792 963; x_wconf 88' lang='lat' dir='ltr'>eandem</span> <span class='ocrx_word' id='word_1_12' title='bbox 817 888 919 987; x_wconf 86' lang='lat' dir='ltr'>vulgi</span> <span class='ocrx_word' id='word_1_13' title='bbox 943 888 1157 985; x_wconf 87' lang='lat' dir='ltr'>opinionem</span> <span class='ocrx_word' id='word_1_14' title='bbox 1176 886 1372 962; x_wconf 88' lang='lat' dir='ltr'>reserenda</span> <span class='ocrx_word' id='word_1_15' title='bbox 1386 886 1558 962; x_wconf 89' lang='lat' dir='ltr'>videntur</span> 
     </span>
     <span class='ocr_line' id='line_1_4' title="bbox 426 1008 1557 1109; baseline -0.003 -24"><span class='ocrx_word' id='word_1_16' title='bbox 426 1009 614 1101; x_wconf 85' lang='lat' dir='ltr'>nonnulla,</span> <span class='ocrx_word' id='word_1_17' title='bbox 644 1036 742 1109; x_wconf 91' lang='lat' dir='ltr'>quae</span> <span class='ocrx_word' id='word_1_18' title='bbox 769 1011 805 1083; x_wconf 90' lang='lat' dir='ltr'>in</span> <span class='ocrx_word' id='word_1_19' title='bbox 835 1011 1038 1085; x_wconf 88' lang='lat' dir='ltr'>Phaedone</span> <span class='ocrx_word' id='word_1_20' title='bbox 1065 1009 1113 1082; x_wconf 95' lang='lat' dir='ltr'>de</span> <span class='ocrx_word' id='word_1_21' title='bbox 1140 1008 1272 1082; x_wconf 90' lang='lat' dir='ltr'>animis</span> <span class='ocrx_word' id='word_1_22' title='bbox 1301 1010 1493 1098; x_wconf 78' lang='lat' dir='ltr'>docentur,</span> <span class='ocrx_word' id='word_1_23' title='bbox 1517 1024 1557 1082; x_wconf 90' lang='lat' dir='ltr'>ut</span> 
     </span>
     <span class='ocr_line' id='line_1_5' title="bbox 428 1122 1556 1237; baseline 0.002 -30"><span class='ocrx_word' id='word_1_24' title='bbox 428 1134 525 1207; x_wconf 88' lang='lat' dir='ltr'>81C</span> <span class='ocrx_word' id='word_1_25' title='bbox 561 1158 667 1230; x_wconf 87' lang='lat' dir='ltr'>sqq.:</span> <span class='ocrx_word' id='word_1_26' title='bbox 705 1131 859 1237; x_wconf 77' lang='grc' dir='ltr'>ιἐμβριθὲς</span> <span class='ocrx_word' id='word_1_27' title='bbox 896 1134 937 1210; x_wconf 81' lang='grc' dir='ltr'>δέ</span> <span class='ocrx_word' id='word_1_28' title='bbox 968 1164 1017 1236; x_wconf 73' lang='grc' dir='ltr'>γε,</span> <span class='ocrx_word' id='word_1_29' title='bbox 1054 1122 1078 1207; x_wconf 71' lang='lat' dir='ltr'>d</span> <span class='ocrx_word' id='word_1_30' title='bbox 1110 1136 1192 1234; x_wconf 90' lang='grc' dir='ltr'>φιλε,</span> <span class='ocrx_word' id='word_1_31' title='bbox 1224 1140 1316 1209; x_wconf 81' lang='grc' dir='ltr'>τοῦτο</span> <span class='ocrx_word' id='word_1_32' title='bbox 1344 1137 1463 1210; x_wconf 83' lang='grc' dir='ltr'>οἴεσθαι</span> <span class='ocrx_word' id='word_1_33' title='bbox 1490 1131 1556 1235; x_wconf 72' lang='grc' dir='ltr'>χρὴ</span> 
     </span>
     <span class='ocr_line' id='line_1_6' title="bbox 426 1251 1558 1360; baseline -0.004 -25"><span class='ocrx_word' id='word_1_34' title='bbox 426 1256 505 1335; x_wconf 83' lang='grc' dir='ltr'>εἶναι</span> <span class='ocrx_word' id='word_1_35' title='bbox 543 1263 600 1333; x_wconf 81' lang='grc' dir='ltr'>καὶ</span> <span class='ocrx_word' id='word_1_36' title='bbox 637 1254 722 1360; x_wconf 80' lang='grc' dir='ltr'>βαρὺ</span> <span class='ocrx_word' id='word_1_37' title='bbox 756 1261 813 1332; x_wconf 85' lang='grc' dir='ltr'>καὶ</span> <span class='ocrx_word' id='word_1_38' title='bbox 840 1258 958 1358; x_wconf 73' lang='grc' dir='ltr'>γεῶδες</span> <span class='ocrx_word' id='word_1_39' title='bbox 987 1261 1044 1331; x_wconf 81' lang='grc' dir='ltr'>καὶ</span> <span class='ocrx_word' id='word_1_40' title='bbox 1072 1253 1204 1356; x_wconf 76' lang='grc' dir='ltr'>ὁρατόν·</span> <span class='ocrx_word' id='word_1_41' title='bbox 1234 1255 1250 1330; x_wconf 80' lang='grc' dir='ltr'><em>ὃ</em></span> <span class='ocrx_word' id='word_1_42' title='bbox 1279 1254 1321 1339; x_wconf 78' lang='grc' dir='ltr'>δὴ</span> <span class='ocrx_word' id='word_1_43' title='bbox 1351 1260 1407 1331; x_wconf 86' lang='grc' dir='ltr'>καὶ</span> <span class='ocrx_word' id='word_1_44' title='bbox 1435 1251 1558 1357; x_wconf 79' lang='grc' dir='ltr'>ἔχουσα</span> 
     </span>
     <span class='ocr_line' id='line_1_7' title="bbox 425 1371 1558 1483; baseline -0.004 -27"><span class='ocrx_word' id='word_1_45' title='bbox 425 1386 447 1464; x_wconf 74' lang='grc' dir='ltr'><em>ἡ</em></span> <span class='ocrx_word' id='word_1_46' title='bbox 481 1373 613 1468; x_wconf 66' lang='grc' dir='ltr'>τοιαύτη</span> <span class='ocrx_word' id='word_1_47' title='bbox 650 1378 740 1483; x_wconf 72' lang='grc' dir='ltr'>ψυχὴ</span> <span class='ocrx_word' id='word_1_48' title='bbox 779 1373 957 1483; x_wconf 76' lang='grc' dir='ltr'>βαφάνεταί</span> <span class='ocrx_word' id='word_1_49' title='bbox 989 1409 1021 1454; x_wconf 93' lang='grc' dir='ltr'>τε</span> <span class='ocrx_word' id='word_1_50' title='bbox 1058 1383 1114 1454; x_wconf 85' lang='grc' dir='ltr'>καὶ</span> <span class='ocrx_word' id='word_1_51' title='bbox 1147 1371 1277 1453; x_wconf 80' lang='grc' dir='ltr'>ἕλκεται</span> <span class='ocrx_word' id='word_1_52' title='bbox 1309 1377 1406 1454; x_wconf 84' lang='grc' dir='ltr'>πάλιν</span> <span class='ocrx_word' id='word_1_53' title='bbox 1435 1382 1477 1468; x_wconf 81' lang='grc' dir='ltr'>είς</span> <span class='ocrx_word' id='word_1_54' title='bbox 1503 1376 1558 1453; x_wconf 80' lang='grc' dir='ltr'>τὸν</span> 
     </span>
     <span class='ocr_line' id='line_1_8' title="bbox 426 1493 1556 1606; baseline -0.003 -29"><span class='ocrx_word' id='word_1_55' title='bbox 426 1501 539 1603; x_wconf 74' lang='grc' dir='ltr'>ὁρατὸν</span> <span class='ocrx_word' id='word_1_56' title='bbox 567 1500 674 1589; x_wconf 75' lang='grc' dir='ltr'>τόπον,</span> <span class='ocrx_word' id='word_1_57' title='bbox 700 1499 788 1604; x_wconf 77' lang='grc' dir='ltr'>φόβῳ</span> <span class='ocrx_word' id='word_1_58' title='bbox 812 1507 867 1576; x_wconf 83' lang='grc' dir='ltr'>τοῦ</span> <span class='ocrx_word' id='word_1_59' title='bbox 891 1498 1019 1589; x_wconf 78' lang='grc' dir='ltr'>ἀειδοῦς</span> <span class='ocrx_word' id='word_1_60' title='bbox 1040 1529 1072 1574; x_wconf 87' lang='grc' dir='ltr'>τε</span> <span class='ocrx_word' id='word_1_61' title='bbox 1095 1504 1153 1574; x_wconf 81' lang='grc' dir='ltr'>καὶ</span> <span class='ocrx_word' id='word_1_62' title='bbox 1163 1493 1288 1590; x_wconf 69' lang='grc' dir='ltr'>Ἃιδου,</span> <span class='ocrx_word' id='word_1_63' title='bbox 1303 1495 1404 1602; x_wconf 73' lang='grc' dir='ltr'>ὥσπερ</span> <span class='ocrx_word' id='word_1_64' title='bbox 1419 1500 1556 1606; x_wconf 69' lang='grc' dir='ltr'>λέγεται,</span> 
     </span>
     <span class='ocr_line' id='line_1_9' title="bbox 425 1609 1557 1726; baseline -0.004 -27"><span class='ocrx_word' id='word_1_65' title='bbox 425 1628 492 1726; x_wconf 80' lang='grc' dir='ltr'>περὶ</span> <span class='ocrx_word' id='word_1_66' title='bbox 520 1618 562 1700; x_wconf 82' lang='grc' dir='ltr'>τά</span> <span class='ocrx_word' id='word_1_67' title='bbox 588 1619 753 1724; x_wconf 71' lang='grc' dir='ltr'>μνήματά</span> <span class='ocrx_word' id='word_1_68' title='bbox 778 1653 809 1698; x_wconf 90' lang='grc' dir='ltr'>τε</span> <span class='ocrx_word' id='word_1_69' title='bbox 837 1616 996 1712; x_wconf 81' lang='grc' dir='ltr'>καὶτοὺς</span> <span class='ocrx_word' id='word_1_70' title='bbox 1023 1616 1142 1722; x_wconf 79' lang='grc' dir='ltr'>τάφους</span> <span class='ocrx_word' id='word_1_71' title='bbox 1170 1621 1421 1722; x_wconf 81' lang='grc' dir='ltr'>κυλινδουμένη,</span> <span class='ocrx_word' id='word_1_72' title='bbox 1444 1626 1511 1723; x_wconf 84' lang='grc' dir='ltr'>περὶ</span> <span class='ocrx_word' id='word_1_73' title='bbox 1535 1609 1557 1695; x_wconf 78' lang='grc' dir='ltr'>ἃ</span> 
     </span>
     <span class='ocr_line' id='line_1_10' title="bbox 427 1737 1558 1846; baseline -0.003 -26"><span class='ocrx_word' id='word_1_74' title='bbox 427 1744 469 1829; x_wconf 75' lang='grc' dir='ltr'>δὴ</span> <span class='ocrx_word' id='word_1_75' title='bbox 490 1745 546 1820; x_wconf 82' lang='grc' dir='ltr'>καὶ</span> <span class='ocrx_word' id='word_1_76' title='bbox 561 1741 649 1845; x_wconf 72' lang='grc' dir='ltr'>ὤφθη</span> <span class='ocrx_word' id='word_1_77' title='bbox 664 1738 747 1820; x_wconf 83' lang='grc' dir='ltr'>άττα</span> <span class='ocrx_word' id='word_1_78' title='bbox 760 1755 875 1846; x_wconf 68' lang='grc' dir='ltr'>ψυχῶν</span> <span class='ocrx_word' id='word_1_79' title='bbox 890 1744 1034 1826; x_wconf 77' lang='grc' dir='ltr'>σκιοειδῆ</span> <span class='ocrx_word' id='word_1_80' title='bbox 1047 1737 1280 1843; x_wconf 72' lang='grc' dir='ltr'>φαντάσματα,</span> <span class='ocrx_word' id='word_1_81' title='bbox 1295 1737 1350 1818; x_wconf 84' lang='grc' dir='ltr'>οἷα</span> <span class='ocrx_word' id='word_1_82' title='bbox 1362 1741 1558 1844; x_wconf 80' lang='grc' dir='ltr'>παρέχονται</span> 
     </span>
     <span class='ocr_line' id='line_1_11' title="bbox 427 1858 1558 1968; baseline -0.004 -24"><span class='ocrx_word' id='word_1_83' title='bbox 427 1869 462 1944; x_wconf 84' lang='grc' dir='ltr'>αἱ</span> <span class='ocrx_word' id='word_1_84' title='bbox 489 1873 634 1942; x_wconf 80' lang='grc' dir='ltr'>τοιαῦται</span> <span class='ocrx_word' id='word_1_85' title='bbox 657 1867 761 1968; x_wconf 81' lang='grc' dir='ltr'>ψυχαὶ</span> <span class='ocrx_word' id='word_1_86' title='bbox 786 1867 919 1953; x_wconf 81' lang='grc' dir='ltr'>εἴδωλα,</span> <span class='ocrx_word' id='word_1_87' title='bbox 944 1867 979 1940; x_wconf 83' lang='grc' dir='ltr'>αἱ</span> <span class='ocrx_word' id='word_1_88' title='bbox 1001 1862 1049 1966; x_wconf 74' lang='grc' dir='ltr'>μὴ</span> <span class='ocrx_word' id='word_1_89' title='bbox 1066 1867 1217 1967; x_wconf 74' lang='grc' dir='ltr'>καθαρῶς</span> <span class='ocrx_word' id='word_1_90' title='bbox 1231 1862 1453 1952; x_wconf 82' lang='grc' dir='ltr'>οἶτολυθεῑσατ,</span> <span class='ocrx_word' id='word_1_91' title='bbox 1469 1858 1558 1940; x_wconf 71' lang='grc' dir='ltr'>άλλολ</span> 
     </span>
     <span class='ocr_line' id='line_1_12' title="bbox 427 1982 1241 2092; baseline -0.004 -28"><span class='ocrx_word' id='word_1_92' title='bbox 427 1997 483 2065; x_wconf 73' lang='grc' dir='ltr'>τοῦ</span> <span class='ocrx_word' id='word_1_93' title='bbox 510 1995 626 2092; x_wconf 80' lang='grc' dir='ltr'>ὁρατοῦ</span> <span class='ocrx_word' id='word_1_94' title='bbox 652 1990 860 2090; x_wconf 83' lang='grc' dir='ltr'>μετέχουσαι,</span> <span class='ocrx_word' id='word_1_95' title='bbox 888 1984 940 2063; x_wconf 77' lang='grc' dir='ltr'>διὸ</span> <span class='ocrx_word' id='word_1_96' title='bbox 968 1991 1024 2062; x_wconf 83' lang='grc' dir='ltr'>καὶ</span> <span class='ocrx_word' id='word_1_97' title='bbox 1052 1982 1241 2088; x_wconf 51' lang='grc' dir='ltr'>ὁρῶνταιῗ)</span> 
     </span>
    </p>

    <p class='ocr_par' dir='ltr' id='par_1_3' title="bbox 426 2105 1558 2946">
     <span class='ocr_line' id='line_1_13' title="bbox 481 2105 1557 2205; baseline -0.005 -22"><span class='ocrx_word' id='word_1_98' title='bbox 481 2110 558 2185; x_wconf 89' lang='lat' dir='ltr'>Sed</span> <span class='ocrx_word' id='word_1_99' title='bbox 594 2110 687 2183; x_wconf 92' lang='lat' dir='ltr'>haec</span> <span class='ocrx_word' id='word_1_100' title='bbox 724 2110 922 2183; x_wconf 89' lang='lat' dir='ltr'>hactenus:</span> <span class='ocrx_word' id='word_1_101' title='bbox 963 2107 1135 2205; x_wconf 89' lang='lat' dir='ltr'>quamvis</span> <span class='ocrx_word' id='word_1_102' title='bbox 1170 2107 1302 2205; x_wconf 87' lang='lat' dir='ltr'>gravia</span> <span class='ocrx_word' id='word_1_103' title='bbox 1339 2106 1423 2196; x_wconf 87' lang='lat' dir='ltr'>sint,</span> <span class='ocrx_word' id='word_1_104' title='bbox 1457 2105 1557 2196; x_wconf 83' lang='lat' dir='ltr'>mihi,</span> 
     </span>
     <span class='ocr_line' id='line_1_14' title="bbox 428 2227 1558 2331; baseline -0.006 -24"><span class='ocrx_word' id='word_1_105' title='bbox 428 2233 566 2331; x_wconf 88' lang='lat' dir='ltr'>quippe</span> <span class='ocrx_word' id='word_1_106' title='bbox 599 2233 655 2305; x_wconf 93' lang='lat' dir='ltr'>cui</span> <span class='ocrx_word' id='word_1_107' title='bbox 684 2232 733 2305; x_wconf 91' lang='lat' dir='ltr'>de</span> <span class='ocrx_word' id='word_1_108' title='bbox 761 2232 951 2305; x_wconf 64' lang='lat' dir='ltr'>thouis</span> <span class='ocrx_word' id='word_1_109' title='bbox 979 2227 1239 2327; x_wconf 89' lang='lat' dir='ltr'>philosophiae</span> <span class='ocrx_word' id='word_1_110' title='bbox 1267 2230 1456 2303; x_wconf 71' lang='lat' dir='ltr'>clementis</span> <span class='ocrx_word' id='word_1_111' title='bbox 1483 2252 1558 2301; x_wconf 91' lang='lat' dir='ltr'>non</span> 
     </span>
     <span class='ocr_line' id='line_1_15' title="bbox 426 2350 1557 2457; baseline -0.004 -30"><span class='ocrx_word' id='word_1_112' title='bbox 426 2355 473 2427; x_wconf 92' lang='lat' dir='ltr'>sit</span> <span class='ocrx_word' id='word_1_113' title='bbox 508 2354 711 2453; x_wconf 85' lang='lat' dir='ltr'>agendum,</span> <span class='ocrx_word' id='word_1_114' title='bbox 749 2353 1033 2451; x_wconf 89' lang='lat' dir='ltr'>quodammodo</span> <span class='ocrx_word' id='word_1_115' title='bbox 1072 2353 1138 2425; x_wconf 91' lang='lat' dir='ltr'>nisi</span> <span class='ocrx_word' id='word_1_116' title='bbox 1176 2350 1319 2457; x_wconf 76' lang='grc' dir='ltr'>πάρεργα</span> <span class='ocrx_word' id='word_1_117' title='bbox 1348 2377 1423 2425; x_wconf 94' lang='lat' dir='ltr'>non</span> <span class='ocrx_word' id='word_1_118' title='bbox 1452 2365 1557 2425; x_wconf 88' lang='lat' dir='ltr'>sunt:</span> 
     </span>
     <span class='ocr_line' id='line_1_16' title="bbox 427 2472 1556 2575; baseline 0.002 -25"><span class='ocrx_word' id='word_1_119' title='bbox 427 2478 552 2575; x_wconf 92' lang='lat' dir='ltr'>itaque</span> <span class='ocrx_word' id='word_1_120' title='bbox 581 2478 693 2574; x_wconf 90' lang='lat' dir='ltr'>ipsius</span> <span class='ocrx_word' id='word_1_121' title='bbox 721 2476 909 2549; x_wconf 73' lang='lat' dir='ltr'>Pnarours</span> <span class='ocrx_word' id='word_1_122' title='bbox 938 2475 1240 2572; x_wconf 89' lang='lat' dir='ltr'>obtemperemus</span> <span class='ocrx_word' id='word_1_123' title='bbox 1265 2472 1465 2572; x_wconf 74' lang='lat' dir='ltr'>monit0³):</span> <span class='ocrx_word' id='word_1_124' title='bbox 1489 2479 1556 2570; x_wconf 82' lang='grc' dir='ltr'>περὶ</span> 
     </span>
     <span class='ocr_line' id='line_1_17' title="bbox 426 2584 1555 2701; baseline -0.003 -25"><span class='ocrx_word' id='word_1_125' title='bbox 426 2599 486 2701; x_wconf 80' lang='grc' dir='ltr'>μὲν</span> <span class='ocrx_word' id='word_1_126' title='bbox 522 2584 579 2675; x_wconf 68' lang='grc' dir='ltr'>οὖν</span> <span class='ocrx_word' id='word_1_127' title='bbox 615 2594 748 2687; x_wconf 71' lang='grc' dir='ltr'>τούτων,</span> <span class='ocrx_word' id='word_1_128' title='bbox 786 2596 892 2683; x_wconf 73' lang='grc' dir='ltr'>ἐπειδὴ</span> <span class='ocrx_word' id='word_1_129' title='bbox 930 2599 987 2674; x_wconf 80' lang='grc' dir='ltr'>καὶ</span> <span class='ocrx_word' id='word_1_130' title='bbox 1023 2593 1168 2701; x_wconf 69' lang='grc' dir='ltr'>σάφεφφα</span> <span class='ocrx_word' id='word_1_131' title='bbox 1198 2595 1354 2701; x_wconf 74' lang='grc' dir='ltr'>τυγχάνει</span> <span class='ocrx_word' id='word_1_132' title='bbox 1382 2597 1555 2700; x_wconf 60' lang='grc' dir='ltr'>λεγόμενα,</span> 
     </span>
     <span class='ocr_line' id='line_1_18' title="bbox 427 2717 1557 2825; baseline 0 -27"><span class='ocrx_word' id='word_1_133' title='bbox 427 2720 635 2822; x_wconf 81' lang='grc' dir='ltr'>α’ττοστώμεν·</span> <span class='ocrx_word' id='word_1_134' title='bbox 665 2724 691 2797; x_wconf 85' lang='grc' dir='ltr'>εί</span> <span class='ocrx_word' id='word_1_135' title='bbox 716 2717 753 2798; x_wconf 77' lang='grc' dir='ltr'>δὲ</span> <span class='ocrx_word' id='word_1_136' title='bbox 779 2721 842 2821; x_wconf 74' lang='grc' dir='ltr'>μή,</span> <span class='ocrx_word' id='word_1_137' title='bbox 866 2725 963 2797; x_wconf 78' lang='grc' dir='ltr'>πλείω</span> <span class='ocrx_word' id='word_1_138' title='bbox 986 2717 1035 2797; x_wconf 79' lang='grc' dir='ltr'>άεὶ</span> <span class='ocrx_word' id='word_1_139' title='bbox 1058 2719 1237 2823; x_wconf 78' lang='grc' dir='ltr'>ἐπιρρέοντα</span> <span class='ocrx_word' id='word_1_140' title='bbox 1260 2720 1448 2825; x_wconf 83' lang='grc' dir='ltr'>καταχῶσει</span> <span class='ocrx_word' id='word_1_141' title='bbox 1463 2725 1557 2824; x_wconf 66' lang='grc' dir='ltr'>τῖμον</span> 
     </span>
     <span class='ocr_line' id='line_1_19' title="bbox 427 2841 816 2946; baseline -0.01 -27"><span class='ocrx_word' id='word_1_142' title='bbox 427 2843 480 2919; x_wconf 74' lang='grc' dir='ltr'>τὸν</span> <span class='ocrx_word' id='word_1_143' title='bbox 509 2845 544 2936; x_wconf 84' lang='grc' dir='ltr'>ἐξ</span> <span class='ocrx_word' id='word_1_144' title='bbox 571 2841 678 2946; x_wconf 79' lang='grc' dir='ltr'>άφχῆς</span> <span class='ocrx_word' id='word_1_145' title='bbox 707 2844 816 2944; x_wconf 73' lang='grc' dir='ltr'>λόγον.</span> 
     </span>
    </p>
   </div>
   <div class='ocr_carea' id='block_1_3' title="bbox 428 3084 1561 3795">
    <p class='ocr_par' dir='ltr' id='par_1_4' title="bbox 428 3084 1561 3795">
     <span class='ocr_line' id='line_1_20' title="bbox 482 3084 1556 3184; baseline 0.001 -25"><span class='ocrx_word' id='word_1_146' title='bbox 482 3111 518 3179; x_wconf 88' lang='lat'>4.</span> <span class='ocrx_word' id='word_1_147' title='bbox 548 3086 746 3160; x_wconf 85' lang='lat' dir='ltr'>Restant</span> <span class='ocrx_word' id='word_1_148' title='bbox 782 3085 1085 3159; x_wconf 88' lang='lat' dir='ltr'>barbarorum</span> <span class='ocrx_word' id='word_1_149' title='bbox 1123 3084 1556 3184; x_wconf 89' lang='lat' dir='ltr'>philosophumena.</span> 
     </span>
     <span class='ocr_line' id='line_1_21' title="bbox 430 3208 1560 3307; baseline 0 -25"><span class='ocrx_word' id='word_1_150' title='bbox 430 3210 489 3283; x_wconf 89' lang='lat' dir='ltr'>De</span> <span class='ocrx_word' id='word_1_151' title='bbox 505 3210 638 3307; x_wconf 91' lang='lat' dir='ltr'>quibus</span> <span class='ocrx_word' id='word_1_152' title='bbox 652 3234 772 3304; x_wconf 92' lang='lat' dir='ltr'>pauca</span> <span class='ocrx_word' id='word_1_153' title='bbox 787 3222 931 3281; x_wconf 89' lang='lat' dir='ltr'>tantum</span> <span class='ocrx_word' id='word_1_154' title='bbox 947 3208 1119 3281; x_wconf 89' lang='lat' dir='ltr'>videntur</span> <span class='ocrx_word' id='word_1_155' title='bbox 1134 3208 1293 3283; x_wconf 89' lang='lat' dir='ltr'>dicenda</span> <span class='ocrx_word' id='word_1_156' title='bbox 1303 3235 1397 3283; x_wconf 90' lang='lat' dir='ltr'>esse.</span> <span class='ocrx_word' id='word_1_157' title='bbox 1413 3210 1560 3285; x_wconf 85' lang='lat' dir='ltr'>Scilicet</span> 
     </span>
     <span class='ocr_line' id='line_1_22' title="bbox 430 3329 1559 3429; baseline 0.002 -26"><span class='ocrx_word' id='word_1_158' title='bbox 430 3356 569 3428; x_wconf 88' lang='lat' dir='ltr'>magna</span> <span class='ocrx_word' id='word_1_159' title='bbox 597 3355 688 3404; x_wconf 91' lang='lat' dir='ltr'>sane</span> <span class='ocrx_word' id='word_1_160' title='bbox 715 3346 773 3403; x_wconf 91' lang='lat' dir='ltr'>est</span> <span class='ocrx_word' id='word_1_161' title='bbox 800 3329 983 3426; x_wconf 85' lang='lat' dir='ltr'>quaesti0‚</span> <span class='ocrx_word' id='word_1_162' title='bbox 1013 3346 1134 3402; x_wconf 87' lang='lat' dir='ltr'>utrum</span> <span class='ocrx_word' id='word_1_163' title='bbox 1164 3330 1352 3404; x_wconf 75' lang='lat' dir='ltr'>Pcnrouls</span> <span class='ocrx_word' id='word_1_164' title='bbox 1376 3332 1559 3429; x_wconf 91' lang='lat' dir='ltr'>sapientia</span> 
     </span>
     <span class='ocr_line' id='line_1_23' title="bbox 429 3451 1561 3550; baseline 0.002 -25"><span class='ocrx_word' id='word_1_165' title='bbox 429 3478 476 3525; x_wconf 87' lang='lat' dir='ltr'>ex</span> <span class='ocrx_word' id='word_1_166' title='bbox 503 3452 741 3526; x_wconf 90' lang='lat' dir='ltr'>orientalibus</span> <span class='ocrx_word' id='word_1_167' title='bbox 770 3451 945 3525; x_wconf 89' lang='lat' dir='ltr'>doctrinis</span> <span class='ocrx_word' id='word_1_168' title='bbox 973 3451 1019 3524; x_wconf 89' lang='lat' dir='ltr'>sit</span> <span class='ocrx_word' id='word_1_169' title='bbox 1042 3451 1209 3542; x_wconf 88' lang='lat' dir='ltr'>oriunda,</span> <span class='ocrx_word' id='word_1_170' title='bbox 1235 3453 1282 3525; x_wconf 91' lang='lat' dir='ltr'>de</span> <span class='ocrx_word' id='word_1_171' title='bbox 1306 3478 1380 3550; x_wconf 92' lang='lat' dir='ltr'>qua</span> <span class='ocrx_word' id='word_1_172' title='bbox 1404 3453 1464 3526; x_wconf 90' lang='lat' dir='ltr'>alii</span> <span class='ocrx_word' id='word_1_173' title='bbox 1488 3452 1561 3528; x_wconf 91' lang='lat' dir='ltr'>alia</span> 
     </span>
     <span class='ocr_line' id='line_1_24' title="bbox 428 3573 1560 3672; baseline 0.003 -25"><span class='ocrx_word' id='word_1_174' title='bbox 428 3590 591 3648; x_wconf 87' lang='lat' dir='ltr'>censent.</span> <span class='ocrx_word' id='word_1_175' title='bbox 618 3574 695 3646; x_wconf 84' lang='lat' dir='ltr'>Sed</span> <span class='ocrx_word' id='word_1_176' title='bbox 718 3573 812 3647; x_wconf 91' lang='lat' dir='ltr'>haec</span> <span class='ocrx_word' id='word_1_177' title='bbox 836 3573 1019 3671; x_wconf 82' lang='lat' dir='ltr'>quaestio,</span> <span class='ocrx_word' id='word_1_178' title='bbox 1044 3575 1216 3670; x_wconf 89' lang='lat' dir='ltr'>quamvis</span> <span class='ocrx_word' id='word_1_179' title='bbox 1238 3576 1471 3672; x_wconf 80' lang='lat' dir='ltr'>gravissima,</span> <span class='ocrx_word' id='word_1_180' title='bbox 1489 3577 1560 3650; x_wconf 91' lang='lat' dir='ltr'>hoc</span> 
     </span>
     <span class='ocr_line' id='line_1_25' title="bbox 429 3695 1560 3795; baseline 0.003 -25"><span class='ocrx_word' id='word_1_181' title='bbox 429 3695 513 3770; x_wconf 91' lang='lat' dir='ltr'>loco</span> <span class='ocrx_word' id='word_1_182' title='bbox 550 3697 731 3771; x_wconf 89' lang='lat' dir='ltr'>mittenda</span> <span class='ocrx_word' id='word_1_183' title='bbox 767 3712 835 3785; x_wconf 83' lang='lat' dir='ltr'>est,</span> <span class='ocrx_word' id='word_1_184' title='bbox 874 3696 1013 3793; x_wconf 91' lang='lat' dir='ltr'>quippe</span> <span class='ocrx_word' id='word_1_185' title='bbox 1049 3720 1159 3793; x_wconf 82' lang='lat' dir='ltr'>quae,</span> <span class='ocrx_word' id='word_1_186' title='bbox 1197 3697 1291 3771; x_wconf 89' lang='lat' dir='ltr'>haec</span> <span class='ocrx_word' id='word_1_187' title='bbox 1318 3723 1480 3795; x_wconf 75' lang='lat' dir='ltr'>quoque,</span> <span class='ocrx_word' id='word_1_188' title='bbox 1510 3700 1560 3773; x_wconf 93' lang='lat' dir='ltr'>ad</span> 
     </span>
    </p>
   </div>
   <div class='ocr_carea' id='block_1_4' title="bbox 430 3924 1567 4683">
    <p class='ocr_par' dir='ltr' id='par_1_5' title="bbox 477 3924 839 3990">
     <span class='ocr_line' id='line_1_26' title="bbox 477 3924 839 3990; baseline -0.003 -16"><span class='ocrx_word' id='word_1_189' title='bbox 477 3925 503 3990; x_wconf 89' lang='lat'>1)</span> <span class='ocrx_word' id='word_1_190' title='bbox 522 3925 590 3988; x_wconf 75' lang='lat' dir='ltr'>„Die</span> <span class='ocrx_word' id='word_1_191' title='bbox 610 3924 761 3990; x_wconf 77' lang='lat' dir='ltr'>Grundlage</span> <span class='ocrx_word' id='word_1_192' title='bbox 779 3939 839 3989; x_wconf 90' lang='lat' dir='ltr'>sqq.</span> 
     </span>
    </p>

    <p class='ocr_par' dir='ltr' id='par_1_6' title="bbox 430 4009 1567 4601">
     <span class='ocr_line' id='line_1_27' title="bbox 475 4009 1562 4078; baseline 0.002 -17"><span class='ocrx_word' id='word_1_193' title='bbox 475 4010 504 4078; x_wconf 71' lang='grc' dir='ltr'>ο)</span> <span class='ocrx_word' id='word_1_194' title='bbox 522 4012 563 4061; x_wconf 79' lang='lat' dir='ltr'>Cf.</span> <span class='ocrx_word' id='word_1_195' title='bbox 583 4012 719 4060; x_wconf 73' lang='lat' dir='ltr'>Wmcm</span> <span class='ocrx_word' id='word_1_196' title='bbox 738 4010 782 4060; x_wconf 66' lang='grc' dir='ltr'>ολ.</span> <span class='ocrx_word' id='word_1_197' title='bbox 802 4027 862 4076; x_wconf 82' lang='lat' dir='ltr'>pag.</span> <span class='ocrx_word' id='word_1_198' title='bbox 885 4022 917 4059; x_wconf 89' lang='lat'>10</span> <span class='ocrx_word' id='word_1_199' title='bbox 935 4009 996 4060; x_wconf 78' lang='lat' dir='ltr'>adn.</span> <span class='ocrx_word' id='word_1_200' title='bbox 1016 4018 1041 4075; x_wconf 79' lang='grc'>5,</span> <span class='ocrx_word' id='word_1_201' title='bbox 1060 4009 1106 4059; x_wconf 87' lang='lat' dir='ltr'>ubi</span> <span class='ocrx_word' id='word_1_202' title='bbox 1121 4009 1267 4076; x_wconf 77' lang='lat' dir='ltr'>adnotatur,</span> <span class='ocrx_word' id='word_1_203' title='bbox 1282 4009 1377 4062; x_wconf 72' lang='lat' dir='ltr'>iniuria</span> <span class='ocrx_word' id='word_1_204' title='bbox 1391 4011 1461 4061; x_wconf 88' lang='lat' dir='ltr'>hunc</span> <span class='ocrx_word' id='word_1_205' title='bbox 1476 4012 1562 4063; x_wconf 85' lang='lat' dir='ltr'>locum</span> 
     </span>
     <span class='ocr_line' id='line_1_28' title="bbox 430 4093 1563 4166; baseline 0 -18"><span class='ocrx_word' id='word_1_206' title='bbox 430 4116 445 4148; x_wconf 86' lang='lat' dir='ltr'>a</span> <span class='ocrx_word' id='word_1_207' title='bbox 460 4099 572 4147; x_wconf 74' lang='lat' dir='ltr'>Ksnmo</span> <span class='ocrx_word' id='word_1_208' title='bbox 587 4098 656 4164; x_wconf 84' lang='lat' dir='ltr'>(Aus</span> <span class='ocrx_word' id='word_1_209' title='bbox 666 4098 712 4148; x_wconf 85' lang='lat' dir='ltr'>der</span> <span class='ocrx_word' id='word_1_210' title='bbox 721 4097 834 4147; x_wconf 84' lang='lat' dir='ltr'>Anomia</span> <span class='ocrx_word' id='word_1_211' title='bbox 844 4112 921 4162; x_wconf 81' lang='lat' dir='ltr'>pagg.</span> <span class='ocrx_word' id='word_1_212' title='bbox 933 4108 967 4159; x_wconf 88' lang='lat'>70</span> <span class='ocrx_word' id='word_1_213' title='bbox 976 4093 1048 4161; x_wconf 87' lang='lat' dir='ltr'>sqq.)</span> <span class='ocrx_word' id='word_1_214' title='bbox 1058 4096 1091 4145; x_wconf 86' lang='lat' dir='ltr'>ad</span> <span class='ocrx_word' id='word_1_215' title='bbox 1100 4096 1168 4145; x_wconf 77' lang='lat' dir='ltr'>solas</span> <span class='ocrx_word' id='word_1_216' title='bbox 1180 4096 1308 4161; x_wconf 73' lang='lat' dir='ltr'>Orphiccs</span> <span class='ocrx_word' id='word_1_217' title='bbox 1318 4096 1407 4147; x_wconf 80' lang='lat' dir='ltr'>referri</span> <span class='ocrx_word' id='word_1_218' title='bbox 1416 4097 1563 4166; x_wconf 79' lang='lat' dir='ltr'>doctrinas3</span> 
     </span>
     <span class='ocr_line' id='line_1_29' title="bbox 431 4182 1567 4250; baseline 0.003 -18"><span class='ocrx_word' id='word_1_219' title='bbox 431 4199 491 4250; x_wconf 77' lang='lat' dir='ltr'>pag.</span> <span class='ocrx_word' id='word_1_220' title='bbox 512 4194 541 4247; x_wconf 83' lang='lat'>51</span> <span class='ocrx_word' id='word_1_221' title='bbox 563 4184 623 4234; x_wconf 86' lang='lat' dir='ltr'>adn.</span> <span class='ocrx_word' id='word_1_222' title='bbox 634 4197 668 4250; x_wconf 77' lang='lat'>-13</span> <span class='ocrx_word' id='word_1_223' title='bbox 687 4200 747 4249; x_wconf 81' lang='lat' dir='ltr'>pag.</span> <span class='ocrx_word' id='word_1_224' title='bbox 767 4195 813 4248; x_wconf 81' lang='lat'>57:</span> <span class='ocrx_word' id='word_1_225' title='bbox 836 4184 903 4247; x_wconf 75' lang='lat' dir='ltr'>„Die</span> <span class='ocrx_word' id='word_1_226' title='bbox 921 4182 1014 4234; x_wconf 81' lang='lat' dir='ltr'>Seeleu</span> <span class='ocrx_word' id='word_1_227' title='bbox 1033 4182 1079 4232; x_wconf 82' lang='lat' dir='ltr'>der</span> <span class='ocrx_word' id='word_1_228' title='bbox 1097 4182 1253 4233; x_wconf 86' lang='lat' dir='ltr'>Schlechten</span> <span class='ocrx_word' id='word_1_229' title='bbox 1271 4182 1374 4233; x_wconf 80' lang='lat' dir='ltr'>flattern</span> <span class='ocrx_word' id='word_1_230' title='bbox 1393 4184 1505 4250; x_wconf 82' lang='lat' dir='ltr'>unruhig</span> <span class='ocrx_word' id='word_1_231' title='bbox 1520 4184 1567 4235; x_wconf 75' lang='lat' dir='ltr'>cul</span> 
     </span>
     <span class='ocr_line' id='line_1_30' title="bbox 430 4269 1564 4338; baseline 0.003 -18"><span class='ocrx_word' id='word_1_232' title='bbox 430 4271 475 4320; x_wconf 87' lang='lat' dir='ltr'>der</span> <span class='ocrx_word' id='word_1_233' title='bbox 499 4270 568 4320; x_wconf 87' lang='lat' dir='ltr'>Erde</span> <span class='ocrx_word' id='word_1_234' title='bbox 593 4269 710 4336; x_wconf 84' lang='lat' dir='ltr'>umher,&#39;’</span> <span class='ocrx_word' id='word_1_235' title='bbox 734 4277 760 4320; x_wconf 86' lang='lat' dir='ltr'>et</span> <span class='ocrx_word' id='word_1_236' title='bbox 782 4271 816 4321; x_wconf 75' lang='lat' dir='ltr'>ad</span> <span class='ocrx_word' id='word_1_237' title='bbox 840 4271 903 4320; x_wconf 78' lang='lat' dir='ltr'>haec</span> <span class='ocrx_word' id='word_1_238' title='bbox 926 4269 987 4320; x_wconf 74' lang='lat' dir='ltr'>adn.</span> <span class='ocrx_word' id='word_1_239' title='bbox 1014 4282 1041 4319; x_wconf 85' lang='lat'>1:</span> <span class='ocrx_word' id='word_1_240' title='bbox 1069 4269 1301 4335; x_wconf 80' lang='lat' dir='ltr'>„Philosophische</span> <span class='ocrx_word' id='word_1_241' title='bbox 1326 4270 1495 4338; x_wconf 83' lang='lat' dir='ltr'>Umdeutung</span> <span class='ocrx_word' id='word_1_242' title='bbox 1518 4273 1564 4323; x_wconf 85' lang='lat' dir='ltr'>des</span> 
     </span>
     <span class='ocr_line' id='line_1_31' title="bbox 431 4355 1564 4423; baseline 0.002 -17"><span class='ocrx_word' id='word_1_243' title='bbox 431 4357 653 4422; x_wconf 78' lang='lat' dir='ltr'>Volksglaubens,</span> <span class='ocrx_word' id='word_1_244' title='bbox 671 4357 717 4406; x_wconf 83' lang='lat' dir='ltr'>der</span> <span class='ocrx_word' id='word_1_245' title='bbox 732 4373 765 4407; x_wconf 77' lang='lat' dir='ltr'>an</span> <span class='ocrx_word' id='word_1_246' title='bbox 785 4357 844 4407; x_wconf 87' lang='lat' dir='ltr'>dem</span> <span class='ocrx_word' id='word_1_247' title='bbox 861 4355 1104 4423; x_wconf 73' lang='lat' dir='ltr'>gespensterhnsten</span> <span class='ocrx_word' id='word_1_248' title='bbox 1120 4356 1254 4420; x_wconf 84' lang='lat' dir='ltr'>Umgehen</span> <span class='ocrx_word' id='word_1_249' title='bbox 1271 4357 1335 4407; x_wconf 79' lang='lat' dir='ltr'>aller</span> <span class='ocrx_word' id='word_1_250' title='bbox 1344 4357 1437 4407; x_wconf 87' lang='lat' dir='ltr'>Seelen</span> <span class='ocrx_word' id='word_1_251' title='bbox 1447 4367 1564 4408; x_wconf 72' lang='lat' dir='ltr'>nument·</span> 
     </span>
     <span class='ocr_line' id='line_1_32' title="bbox 430 4426 1565 4507; baseline 0.004 -15"><span class='ocrx_word' id='word_1_252' title='bbox 430 4443 484 4492; x_wconf 89' lang='lat' dir='ltr'>lich</span> <span class='ocrx_word' id='word_1_253' title='bbox 502 4444 530 4492; x_wconf 88' lang='lat' dir='ltr'>in</span> <span class='ocrx_word' id='word_1_254' title='bbox 549 4442 595 4492; x_wconf 87' lang='lat' dir='ltr'>der</span> <span class='ocrx_word' id='word_1_255' title='bbox 614 4443 689 4493; x_wconf 69' lang='lat' dir='ltr'>Nfihe</span> <span class='ocrx_word' id='word_1_256' title='bbox 707 4444 753 4493; x_wconf 88' lang='lat' dir='ltr'>der</span> <span class='ocrx_word' id='word_1_257' title='bbox 772 4426 872 4494; x_wconf 74' lang='lat' dir='ltr'>Griher</span> <span class='ocrx_word' id='word_1_258' title='bbox 890 4442 1017 4507; x_wconf 72' lang='lat' dir='ltr'>lesthielt‚</span> <span class='ocrx_word' id='word_1_259' title='bbox 1035 4443 1084 4492; x_wconf 84' lang='lat' dir='ltr'>wie</span> <span class='ocrx_word' id='word_1_260' title='bbox 1103 4443 1146 4491; x_wconf 84' lang='lat' dir='ltr'>die</span> <span class='ocrx_word' id='word_1_261' title='bbox 1164 4459 1207 4491; x_wconf 89' lang='lat' dir='ltr'>um</span> <span class='ocrx_word' id='word_1_262' title='bbox 1223 4444 1266 4493; x_wconf 88' lang='lat' dir='ltr'>die</span> <span class='ocrx_word' id='word_1_263' title='bbox 1281 4444 1437 4494; x_wconf 77' lang='lat' dir='ltr'>Grcbstelen</span> <span class='ocrx_word' id='word_1_264' title='bbox 1452 4444 1565 4497; x_wconf 77' lang='lat' dir='ltr'>sscttem·</span> 
     </span>
     <span class='ocr_line' id='line_1_33' title="bbox 431 4529 1445 4601; baseline 0.002 -23"><span class='ocrx_word' id='word_1_265' title='bbox 431 4529 482 4578; x_wconf 84' lang='lat' dir='ltr'>den</span> <span class='ocrx_word' id='word_1_266' title='bbox 502 4530 589 4579; x_wconf 85' lang='lat' dir='ltr'>Keren</span> <span class='ocrx_word' id='word_1_267' title='bbox 607 4529 655 4580; x_wconf 87' lang='lat' dir='ltr'>der</span> <span class='ocrx_word' id='word_1_268' title='bbox 672 4531 894 4595; x_wconf 84' lang='lat' dir='ltr'>weissgrundigen</span> <span class='ocrx_word' id='word_1_269' title='bbox 915 4529 1053 4595; x_wconf 82' lang='lat' dir='ltr'>Lekytheu</span> <span class='ocrx_word' id='word_1_270' title='bbox 1072 4530 1212 4583; x_wconf 76' lang='lat' dir='ltr'>beneisen.</span> <span class='ocrx_word' id='word_1_271' title='bbox 1231 4530 1272 4581; x_wconf 80' lang='lat' dir='ltr'>Cf.</span> <span class='ocrx_word' id='word_1_272' title='bbox 1293 4546 1319 4600; x_wconf 85' lang='lat' dir='ltr'>p.</span> <span class='ocrx_word' id='word_1_273' title='bbox 1341 4543 1383 4596; x_wconf 83' lang='lat'>10,</span> <span class='ocrx_word' id='word_1_274' title='bbox 1403 4530 1445 4601; x_wconf 75' lang='lat'>5.&#39;&#39;</span> 
     </span>
    </p>

    <p class='ocr_par' dir='ltr' id='par_1_7' title="bbox 476 4614 811 4683">
     <span class='ocr_line' id='line_1_34' title="bbox 476 4614 811 4683; baseline 0.006 -18"><span class='ocrx_word' id='word_1_275' title='bbox 476 4614 504 4682; x_wconf 82' lang='lat'>3)</span> <span class='ocrx_word' id='word_1_276' title='bbox 523 4616 630 4667; x_wconf 76' lang='lat' dir='ltr'>Theaet.</span> <span class='ocrx_word' id='word_1_277' title='bbox 652 4618 732 4681; x_wconf 78' lang='lat' dir='ltr'>177B</span> <span class='ocrx_word' id='word_1_278' title='bbox 751 4633 811 4683; x_wconf 87' lang='lat' dir='ltr'>sqq.</span> 
     </span>
    </p>
   </div>
   <div class='ocr_carea' id='block_1_5' title="bbox 0 0 1869 5575">
    <p class='ocr_par' dir='ltr' id='par_1_8' title="bbox 0 0 1869 5575">
     <span class='ocr_line' id='line_1_35' title="bbox 0 0 1869 5575; baseline 0 0"><span class='ocrx_word' id='word_1_279' title='bbox 0 0 1869 5575; x_wconf 95' lang='lat' dir='ltr'> </span> 
     </span>
    </p>
   </div>
  </div>
 </body>
</html>
