3717 5575
811 708 880 797 163

276 912 411 972 stretur
447 897 561 971 thesis
597 895 721 995 aliqua
758 942 810 953 —
847 914 888 972 ut
923 898 959 972 in
999 899 1151 999 Cratylo
1179 947 1243 993 -,
1272 903 1339 976 sed
1368 920 1408 978 ut

276 1020 483 1119 exprimant
506 1045 552 1094 ea
576 1045 674 1117 quae
697 1044 771 1094 non
797 1019 918 1094 minus
940 1038 1040 1096 recte
1062 1023 1138 1096 suis
1156 1023 1270 1121 ipsius
1284 1025 1407 1098 verbis

275 1141 483 1240 significare
510 1158 685 1239 potuerat
712 1141 742 1215 is
770 1142 832 1240 qni
860 1142 957 1217 dicit.
984 1145 1094 1239 Quae
1117 1163 1243 1220 tamen
1268 1146 1326 1220 hic
1350 1145 1407 1220 his

274 1265 441 1339 versibus
464 1263 613 1339 aliunde
635 1265 793 1362 sumptis
815 1264 957 1357 extulit,
983 1267 1085 1365 quod
1109 1293 1238 1342 eorum
1260 1269 1354 1344 forte
1369 1269 1405 1342 in

275 1402 439 1461 mentem
462 1386 638 1461 veniebat
660 1386 706 1478 ei,
731 1386 824 1461 haee
844 1387 917 1462 alio
933 1389 1048 1462 modo
1062 1387 1215 1464 laudare
1230 1414 1274 1464 ac
1288 1390 1404 1490 vulgo

275 1508 392 1601 fieret,
431 1535 506 1583 non
544 1509 659 1583 modo
697 1534 772 1583 non
811 1535 963 1586 necesse
999 1511 1130 1604 suerat,
1159 1539 1243 1586 cum
1271 1514 1314 1587 iis
1341 1514 1404 1611 qui

274 1632 477 1707 audiebant
497 1632 588 1706 satis
608 1632 803 1729 perspicua
824 1649 961 1725 essent,
984 1634 1051 1708 sed
1067 1634 1178 1708 etiam
1194 1635 1354 1709 alienum
1365 1634 1403 1733 ¹).

276 1754 452 1852 ltaque
491 1770 594 1828 tres
636 1755 681 1826 hi
723 1753 820 1828 loci
856 1757 915 1829 ad
952 1755 1200 1854 Orphicos
1236 1759 1405 1857 potius

274 1902 414 1973 quam
460 1878 518 1950 ad
560 1876 809 1974 Orpheum
849 1877 1106 1952 referendi
1149 1880 1403 1955 videntur:

273 1999 331 2072 ad
368 2000 766 2098 cognoscendam
805 2000 982 2075 saltem
1020 2001 1209 2074 Pinhorns
1242 2003 1298 2076 de
1326 2002 1404 2076 Or·
1448 1990 1451 1996 ¹

274 2120 394 2218 pheo
426 2120 701 2195 sententiam
729 2121 818 2220 ipsi
846 2148 926 2220 per
953 2148 1001 2197 se
1029 2122 1142 2196 nihil
1169 2124 1401 2200 adiuvant.

328 2353 361 2429 7.
394 2332 515 2409 Multo
539 2333 679 2409 facilius
702 2360 820 2409 resse
840 2335 955 2410 habet
970 2337 1091 2435 Legg.
1108 2337 1160 2409 Vl
1181 2342 1252 2432 782
1271 2338 1302 2413 C
1318 2366 1400 2436 sqq.

273 2457 331 2549 (cs.
348 2482 435 2556 pag.
458 2460 558 2555 134),
569 2483 682 2555 quem
696 2457 819 2532 locum
835 2458 973 2556 pariter
986 2460 1035 2532 ad
1051 2459 1246 2556 Orpheum
1260 2478 1298 2536 et
1311 2479 1402 2536 tam·

272 2605 385 2677 quam
408 2581 597 2655 Pmoms
619 2579 790 2654 iudicium
805 2582 1058 2657 continentem
1073 2583 1184 2657 refert
1199 2584 1345 2657 Wnunrt
1358 2582 1403 2681 2⁹)

271 2727 358 2776 nam
377 2705 511 2801 primo
538 2704 597 2778 hic
625 2730 774 2802 quoque
802 2721 843 2779 ut
870 2706 992 2805 magis
1018 2705 1254 2805 perspicuum
1279 2707 1400 2800 faciat,

271 2825 361 2921 quid
383 2826 453 2900 sibi
474 2826 575 2916 velit,
600 2827 649 2901 ad
672 2826 898 2901 locutionem
918 2844 1071 2903 revocat
1092 2829 1123 2902 is
1142 2829 1205 2927 qui
1220 2829 1306 2904 dicit
1321 2857 1403 2928 pro·

271 2947 387 3021 verbii
408 2947 491 3022 loco
515 2948 682 3023 adhiberi
703 2949 863 3040 solitam,
879 2976 964 3024 cum
979 2976 1101 3049 aequo
1117 2951 1194 3025 iure
1209 2978 1306 3049 quae
1321 2952 1399 3049 ipse

272 3070 562 3168 excogitaverat,
587 3098 767 3169 usurpare
780 3072 973 3169 potuisset,
990 3071 1050 3146 vel
1065 3072 1217 3146 omnino
1232 3073 1403 3149 omittere

272 3190 517 3267 locutionem:
555 3238 607 3249 —
644 3219 731 3268 nam
760 3196 896 3269 verba:
922 3191 1011 3273 α’λλά
1035 3190 1182 3299 Ὀρφικοί
1204 3228 1284 3288 τινες
1312 3197 1401 3302 leyd-

185 3309 189 3321 '
270 3347 361 3418 μενοι
397 3322 462 3422 βίοι
499 3323 598 3394 κ.τ.λ.
633 3317 839 3391 illustrant
864 3333 1008 3390 tantum
1037 3342 1136 3414 quae
1164 3319 1400 3411 antecedunt,

272 3435 360 3511 novi
388 3437 478 3535 quid
500 3463 576 3511 non
599 3439 763 3513 addunt:
788 3484 840 3494 —
863 3438 974 3536 igitur
997 3464 1072 3512 non
1088 3439 1201 3536 ipsius
1215 3441 1403 3515 anoms

272 3560 467 3652 sententia,
496 3562 563 3635 sed
590 3561 755 3660 vulgaris
782 3563 970 3659 quaedam
999 3562 1125 3659 opinio
1149 3562 1340 3655 indicatur,
1365 3565 1403 3638 id

272 3682 374 3780 quod
402 3701 598 3782 praeterea
624 3682 722 3759 clare
750 3700 908 3781 apparet
931 3684 1061 3759 addito
1085 3685 1288 3759 vocabulo:
1314 3686 1402 3789 λεγό·

270 3837 370 3908 μενοι.
411 3805 588 3903 ltaque
620 3832 676 3880 ex
704 3806 892 3880 Pnnrorns
920 3806 1090 3880 verbis
1117 3804 1240 3879 nihil
1268 3804 1402 3881 aliud

271 3925 386 4000 elici
428 3944 596 4025 potest
637 3928 728 4002 nisi
770 3930 837 4019 id,
880 3954 1118 4027 quaenam
1158 3927 1262 4002 vita
1298 3928 1403 4002 eius

280 4074 468 4087 -o

319 4141 344 4208 1)
363 4141 442 4203 Quod
471 4148 603 4206 praeterea
633 4141 666 4191 ad
696 4140 798 4191 Phileb.
820 4140 890 4190 66C
917 4155 987 4206 sqq„
1010 4141 1117 4190 omnino
1141 4142 1174 4191 ad
1200 4142 1252 4192 loci
1276 4143 1402 4193 rationem

271 4242 360 4277 versus
382 4228 421 4277 ibi
445 4228 564 4278 laudatus
589 4243 642 4277 uon
668 4228 790 4293 pertinet.
814 4227 854 4277 Cf.
879 4228 990 4291 Ronnu,
1015 4227 1124 4292 Psyche,
1142 4245 1202 4296 pag.
1221 4242 1272 4294 413
1292 4231 1352 4280 adn.
1372 4244 1402 4280 2:

274 4314 374 4378 ,jenem
398 4315 568 4381 Verse....,
593 4315 645 4364 deu
669 4313 772 4364 heilich
796 4314 870 4363 Plato
894 4313 986 4380 selbst,
1008 4313 1068 4363 der
1086 4315 1143 4364 ihu
1163 4331 1225 4366 nur
1242 4317 1402 4383 npieleud

274 4400 439 4468 anfuhrt”,
457 4417 516 4467 sqq.

317 4485 346 4551 a)
365 4488 419 4538 o.l.
437 4504 515 4555 pagg.
536 4500 569 4552 32
588 4503 663 4554 sqq:
683 4488 762 4552 „Was
781 4486 855 4536 weiss
873 4503 923 4537 uns
941 4503 997 4537 nun
1016 4487 1111 4537 Platon
1130 4489 1193 4537 tiber
1210 4488 1402 4538 dieWirksam·

271 4574 326 4624 keit
349 4576 396 4625 des
420 4576 543 4642 Orpheus
561 4593 592 4626 zu
610 4579 723 4642 sugent.
737 4612 743 4624 .
755 4611 779 4624 ..
797 4573 836 4623 als
854 4574 1005 4639 Begrdnder
1025 4576 1098 4625 einer
1117 4575 1338 4625 Genossenschast
1356 4578 1402 4626 mit

271 4662 431 4713 bestimmter
452 4663 644 4729 Lebensweise‚
663 4691 698 4700 —
717 4660 881 4725 Enthnltung
900 4677 951 4711 von
973 4662 1174 4726 Fleischgenuss
1192 4662 1246 4711 und
1265 4678 1316 4712 von
1334 4663 1403 4713 blu-

272 4750 367 4815 tigeu
386 4751 497 4817 Opici-n,
515 4779 551 4789 -
568 4751 633 4801 wird
651 4750 727 4801 crde
745 4749 814 4813 legg.
833 4746 914 4810 782C
934 4748 1112 4799 bezeichnet.''
