3717 5575
569 1459 788 1556 CAPUT
817 1459 1088 1555 PRIMUM.

256 1898 312 1956 DE
328 1896 851 1971 ANTIQUISSIMISGRAECAE
860 1895 1176 1956 PHILOSOPHIAE
1186 1895 1408 1976 VESTIGIIS„

459 2103 500 2143 DE
521 2102 647 2144 ORPHEO
668 2103 707 2143 ET
727 2100 871 2144 ORPHICIS
893 2101 948 2156 QUI
969 2100 1141 2146 DICUNTUR.
1161 2119 1201 2129 -

303 2197 344 2238 1>ss
364 2197 534 2241 VETERIBUS
555 2196 773 2239 GENERALITER
794 2195 903 2240 DICTIS.
924 2215 965 2224 ··-
985 2197 1027 2239 DE
1046 2197 1126 2240 ALIIS
1146 2197 1174 2239 Sl
1195 2197 1248 2252 QUI
1269 2196 1351 2242 SUNT

567 2291 706 2336 EIUSDUM
728 2291 859 2334 GENERIS
880 2291 1093 2336 PHILOSOPHIS.

316 2450 342 2524 1.
374 2450 435 2522 Da
464 2450 626 2524 Ounno
653 2472 700 2523 m
728 2449 922 2524 Oneuims.

320 2598 349 2645 1.
389 2572 648 2670 Superioribus
686 2572 835 2646 huiusce
873 2572 997 2668 operis
1032 2557 1178 2671 paginis
1212 2599 1310 2671 quae
1346 2575 1394 2649 de
1439 2607 1442 2613 ·

264 2693 496 2803 Orphieis
533 2695 631 2767 dieta
667 2711 763 2783 sunt,
776 2690 802 2791 ¹)
831 2710 977 2767 attento
1005 2696 1131 2769 animo
1160 2696 1222 2794 qui
1251 2695 1394 2796 legerit,

262 2816 368 2890 sacile
392 2818 559 2908 coniciet,
585 2817 711 2915 magni
736 2817 806 2890 hos
829 2818 864 2889 in
887 2817 1077 2891 Punuoms
1100 2817 1336 2916 philosophia
1360 2811 1398 2893 e't

265 2940 453 3013 Pmoms
467 2940 641 3037 operibus
649 2965 731 3014 esse
742 2941 933 3014 momenti.
947 2940 1083 3037 Neque
1094 2941 1233 3015 iniuria,
1251 2942 1397 3036 Quodsi

265 3087 356 3136 vero
384 3062 484 3136 idem
512 3087 558 3135 ex
588 3062 645 3134 his
668 3062 790 3151 efficit,
815 3062 964 3158 saepius
988 3061 1236 3159 Orphicorum
1262 3088 1399 3137 nomen

266 3184 301 3257 in
330 3184 504 3281 operibus
531 3184 610 3257 eius
638 3184 802 3273 inveniri,
833 3199 898 3257 aut
925 3209 973 3257 ex
1000 3184 1042 3256 iis
1070 3209 1168 3281 quae
1197 3185 1400 3258 afferuntur

267 3331 290 3379 a
314 3307 503 3396 Pmoun,
527 3305 633 3379 facile
657 3306 745 3403 quid
769 3304 817 3378 de
841 3304 909 3378 illis
933 3306 1078 3379 noverit
1101 3306 1239 3402 quidve
1263 3308 1399 3381 sentiat

267 3428 398 3517 excuti,
419 3426 529 3501 valde
548 3427 695 3501 videtur
713 3451 847 3500 errare.
867 3425 1016 3524 Nempe
1031 3452 1104 3500 non
1121 3426 1240 3501 solum
1259 3430 1397 3521 Pinio,

266 3550 304 3623 id
339 3549 441 3647 quod
477 3574 589 3646 supra
625 3550 699 3623 iam
737 3547 861 3646 dixi,²)
893 3549 1111 3646 saepissime
1143 3552 1400 3626 communibus

266 3672 475 3745 nominibus
502 3697 796 3746 commemorare
820 3669 917 3745 solet
941 3670 1139 3768 Orphicos,
1163 3673 1215 3746 ita
1239 3690 1279 3747 ut
1302 3699 1400 3747 com·

267 3792 504 3892 pluribus-
528 3820 575 3868 ne
598 3795 718 3868 dicam
743 3792 929 3891 plerisque
953 3838 1005 3848 -
1029 3793 1118 3867 locis
1133 3810 1253 3868 utrum
1269 3821 1401 3870 revera

268 3917 337 3990 hos
360 3931 504 4013 spectet
526 3940 651 3989 annon
673 3915 850 3988 incertum
867 3915 925 4006 sit,
941 3931 980 3989 et
994 3916 1212 4013 gravissima
1228 3942 1400 4015 quaeque

270 4037 429 4111 maxime
462 4038 535 4110 sint
569 4037 693 4127 dubia,
722 4062 852 4110 verum
882 4036 995 4109 etiam
1024 4037 1053 4109 si
1082 4039 1304 4112 nominatim
1333 4038 1401 4111 Or-

270 4159 406 4257 pheum
435 4159 695 4256 Orphicosque
722 4159 842 4248 affert,
872 4174 978 4231 tanta
1005 4158 1042 4231 in
1070 4160 1262 4235 afferendo
1291 4161 1403 4235 utitur

269 4282 464 4372 varietate,
492 4298 533 4355 ut
560 4282 622 4355 vix
650 4282 724 4355 duo
752 4280 988 4355 inveniantur
1015 4280 1097 4372 loci,
1127 4283 1201 4378 qui,
1227 4284 1328 4381 quod
1353 4283 1402 4357 ad

271 4404 366 4477 hanc
394 4428 484 4493 rem,
513 4429 664 4500 prorsus
691 4404 784 4477 inter
812 4428 853 4477 se
880 4404 953 4476 sint
980 4402 1127 4478 similes.

320 4677 345 4744 ι)
365 4677 405 4727 Ct'.
424 4677 551 4741 imprimis
570 4677 692 4726 Dlmsn
710 4677 797 4741 verba,
816 4691 876 4740 pag.
895 4674 928 4740 85
948 4675 1060 4725 laudata.

320 4766 348 4829 2)
367 4764 434 4814 Vide
454 4779 520 4829 quae
538 4780 570 4814 ex
589 4764 704 4814 Gnueeu
721 4778 801 4828 opere
818 4762 894 4813 attuli
913 4778 974 4827 pag.
992 4763 1035 4828 60,
1054 4763 1114 4814 ndu.
1133 4765 1158 4814 6.

1274 4882 1291 4931 9
