3717 5575
1617 691 1757 764 177

550 867 1039 959 inveniantur,
1088 868 1287 943 idem
1335 868 1431 943 de
1478 866 1563 941 iis
1597 884 1713 941 est
1742 867 2162 959 dicendum,
2196 870 2398 966 quod
2430 869 2525 943 de
2554 866 2816 943 ceteris

549 990 879 1066 eiusdem
925 990 1280 1066 orationis
1325 989 1505 1065 locis
1544 1016 1768 1088 supra
1796 991 2150 1082 tractatiS‚
2181 1016 2348 1064 curn
2379 991 2813 1090 praesertim

548 1112 736 1187 haec
786 1139 878 1187 ne
908 1114 1005 1188 ad
1034 1114 1349 1189 formam
1383 1113 1685 1211 quidem
1715 1111 1860 1186 sint
1892 1112 2320 1205 AmMAN‘rl,
2353 1114 2487 1188 sed
2516 1139 2815 1211 respon-

548 1234 864 1309 deantur
919 1237 1016 1310 ab
1073 1262 1167 1310 eo
1216 1236 1340 1334 qui
1389 1234 1781 1309 iniustitiae
1828 1261 2131 1309 causam
2179 1235 2511 1309 defendit
2557 1252 2819 1310 contra

551 1382 644 1431 ea
696 1383 894 1455 quae
941 1373 1442 1457 opponuntur,
1465 1354 1518 1454 1)
1569 1357 1643 1431 id
1689 1358 1894 1454 quod
1942 1383 2035 1432 ex
2082 1358 2370 1432 verbis:
2420 1361 2602 1462 φήσει
2640 1366 2817 1463 λογι-

552 1480 817 1582 ζόμενος
890 1479 1086 1555 clare
1164 1496 1511 1580 apparet3
1587 1480 1841 1577 itaque
1917 1477 2094 1554 illud
2166 1487 2348 1585 φήσει
2404 1481 2818 1583 λογιζόμενος

552 1602 894 1699 congruit
966 1630 1133 1677 curn
1192 1602 1490 1678 alterius
1542 1602 1683 1678 loci
1738 1603 1987 1676 verbis
2042 1603 2128 1696 ὥς
2173 1635 2353 1706 φασι,
2403 1618 2480 1676 et
2526 1602 2817 1676 etiarnsi

551 1722 689 1797 illis
760 1728 819 1802 οἱ
889 1729 1043 1802 θεῶν
1110 1730 1362 1819 παῖδες,
1417 1729 1678 1816 ποιηταῖ
1728 1729 1841 1803 καὶ
1898 1739 2210 1829 προφῆται
2267 1740 2391 1802 τών
2444 1730 2598 1802 θεῶν
2645 1726 2818 1828 γενέ·

547 1878 752 1948 μενοι,
831 1845 1221 1945 Orpheum
1299 1864 1375 1921 et
1441 1848 1838 1922 Musaeum
1897 1846 2197 1920 indicari
2253 1846 2814 1921 concedendum

548 1968 663 2057 sit,
686 1964 739 2063 ²)
798 1970 1052 2066 utique
1107 1996 1303 2067 quae
1352 1970 1467 2043 hic
1515 1969 1987 2044 inveniuntur
2033 1995 2181 2044 non
2231 1970 2632 2060 PLAToms,
2683 1970 2815 2043 sed
2882 1974 2887 1979 ’

552 2088 863 2163 aliorum
919 2094 1364 2166 sententiam
1419 2092 1692 2166 referre
1746 2092 2125 2166 censenda
2177 2108 2368 2166 sunt.
2396 2089 2449 2189 8)

646 2397 698 2465 1)
735 2398 962 2448 STALLB.
1007 2413 1056 2448 o.
1077 2397 1142 2447 1.:
1197 2392 1376 2462 „Otia-u
1427 2394 1777 2461 λογιζόμενος]
1816 2398 2091 2462 inquiet
2127 2398 2705 2467 argumentans(?);
2743 2416 2814 2451 sc.

548 2484 658 2550 ille,
709 2485 802 2550 qui
850 2484 1137 2535 iniustitiae
1187 2500 1421 2534 caussam
1470 2485 1722 2535 defendit.
1763 2484 1944 2534 Refert
1982 2485 2122 2534 enim
2162 2485 2474 2535 Adimantus
2510 2502 2615 2535 non
2656 2503 2819 2552 suam,

547 2571 636 2622 sed
673 2571 898 2621 alienam
936 2571 1250 2621 sententiam
1287 2571 1473 2621 callide
1508 2588 1540 2621 a
1575 2587 1631 2621 se
1669 2569 2023 2621 exornatam.”

635 2657 692 2724 2)
729 2658 940 2707 WRBER
979 2657 1050 2707 ait
1083 2656 1175 2706 ille
1214 2657 1427 2722 quidem
1464 2656 1608 2722 (pag.
1650 2657 1732 2723 7):
1776 2657 1895 2720 „die
1928 2665 2061 2706 erste
2094 2657 2253 2707 Stelle
2286 2657 2422 2724 (rep.
2455 2659 2507 2708 11
2544 2657 2645 2723 363
2680 2659 2818 2725 [lege

550 2743 674 2811 366]
710 2743 774 2810 B)
807 2743 965 2809 spielt
997 2744 1114 2815 dem
1146 2745 1624 2811 Zusammenhange
1650 2744 1784 2794 nach
1804 2744 2087 2795 zweisellos
2107 2744 2202 2795 aus
2216 2744 2460 2811 Orpheus
2481 2745 2591 2796 und
2611 2747 2822 2797 Musiius

546 2829 678 2898 an”;
717 2840 1020 2895 argumenta
1058 2839 1232 2881 tamen
1271 2832 1462 2897 quibus
1499 2831 1626 2882 haec
1667 2831 2106 2898 demonstrentur,
2140 2832 2287 2882 affert
2324 2832 2484 2882 nulla.
2504 2861 2577 2870 —
2596 2833 2821 2883 STALLB.

549 2918 616 2967 ad
668 2917 842 2967 locum
898 2917 1272 2983 praecipue
1329 2919 1395 2968 ad
1449 2918 1722 2968 Musaeum
1773 2925 1824 2967 et
1881 2917 2150 2983 Orpheum
2199 2919 2361 2967 verba
2408 2918 2677 2969 referenda
2713 2935 2826 2969 esse

551 3011 745 3054 censet.
796 3004 864 3054 Et
901 3004 1136 3054 concedo
1176 3005 1420 3070 equidem
1460 3004 1569 3054 fieri
1609 3020 1783 3070 posse,
1817 3010 1875 3053 ut
1912 3011 2153 3069 spectent
2186 3004 2316 3054 haec
2353 3005 2514 3054 verba
2549 3006 2615 3054 ad
2656 3005 2758 3069 364
2779 3006 2823 3055 Ε

551 3106 707 3155 quem
754 3089 927 3139 locum
978 3106 1134 3156 supra
1178 3090 1415 3140 laudavi:
1455 3089 1645 3149 βίβλων
1680 3086 1733 3136 δὶ
1769 3086 1953 3147 ὅμαδον
1989 3085 2300 3150 παρέχονται
2346 3089 2681 3138 Μουσαίου
2717 3088 2829 3137 καὶ

551 3172 850 3237 Ὀρφίας,
884 3175 1159 3232 Σελήνης
1193 3192 1264 3224 τε
1299 3174 1407 3224 καῖ
1438 3179 1702 3225 Move-6¹1
1736 3173 2047 3238 ἐγγόνων,
2083 3174 2159 3232 ὥς
2204 3181 2393 3238 φασι,
2423 3174 2530 3223 καθ’
2557 3172 2621 3232 ἃς
2650 3173 2825 3232 θνητο-

552 3259 712 3317 λοῦοι,
756 3256 1006 3316 πείθοντες
1048 3255 1103 3307 οὔ
1152 3259 1296 3319 μόνον
1336 3255 1543 3316 &sairat-
1577 3255 1717 3307 ἀλλὰ
1748 3257 1831 3305 καὶ
1868 3260 2120 3314 πόλεις,
2157 3255 2222 3314 ὥς
2254 3254 2350 3318 ἄρα
2386 3255 2614 3314 λύσεις
2649 3274 2708 3306 τε
2742 3257 2828 3306 καὶ

554 3337 876 3400 καθαρμοὶ
922 3336 1342 3399 ἀδικημάτων
1390 3337 1471 3388 διὰ
1506 3338 1679 3388 θυσιῶν
1713 3338 1798 3388 καὶ
1830 3337 2035 3397 παιδιᾶς
2067 3336 2243 3393 ἡδονῶν
2280 3337 2380 3387 εἷο-ἲ
2413 3338 2504 3400 μὶν
2538 3336 2617 3388 ’ἐτι
2654 3338 2826 3404 ζῶσιν,

552 3419 652 3469 εἶσὶ
684 3419 738 3469 a)
767 3419 852 3469 καὶ
875 3418 1260 3477 τελευτήσασιν,
1293 3418 1367 3478 ἃς
1400 3418 1469 3478 δὴ
1507 3422 1798 3479 τελετὰς
1832 3423 2176 3479 καλοῦσιν,
2205 3418 2276 3469 αἳ
2307 3424 2428 3469 τᾶν
2460 3417 2597 3470 ixa?
2626 3427 2827 3470 κακῶν

552 3500 953 3551 ἀπολύουσιν
988 3500 1170 3564 ἡμᾶς,
1205 3512 1373 3565 και-,λης
1410 3506 1502 3556 sed
1534 3521 1651 3555 cum
1683 3521 1816 3570 quae
1848 3513 2006 3555 antea
2035 3512 2180 3554 erant
2213 3505 2371 3571 dieta,
2403 3506 2581 3569 paucis
2601 3505 2686 3555 hic
2706 3521 2843 3555 com·

560 3591 967 3658 prehendantur,
1006 3608 1104 3642 nec
1142 3593 1207 3642 de
1246 3593 1460 3657 Orpheo
1498 3601 1550 3643 et
1588 3594 1806 3643 Musaeo
1845 3593 2020 3642 solis
2058 3608 2225 3642 sermo
2262 3592 2435 3657 fuerit,
2470 3593 2586 3658 hos,
2624 3593 2824 3642 etiamsi

559 3677 933 3744 significentur,
970 3679 1156 3729 solos
1193 3680 1416 3745 spectari
1453 3695 1559 3730 non
1597 3687 1833 3730 constare
1872 3679 2000 3728 mihi
2039 3678 2245 3728 videtur
2278 3678 2477 3745 (ADAM
2512 3696 2558 3729 a.
2578 3678 2639 3729 1.:
2678 3694 2754 3743 „e.
2774 3696 2825 3745 g.

561 3765 805 3815 Musaeus
841 3765 946 3815 and
982 3765 1304 3833 Orpheus”).

649 3851 706 3919 3)
743 3851 805 3900 Id
854 3852 996 3916 quod
1044 3853 1111 3902 de
1160 3854 1393 3903 omnibus
1442 3868 1575 3919 quae
1620 3852 1707 3902 hic
1758 3852 2018 3918 leguntur,
2058 3851 2335 3901 dicendum
2373 3858 2477 3901 est:
2516 3867 2622 3901 non
2660 3851 2827 3901 solum

557 3935 670 3985 osan
700 3934 883 3999 παῖδας
921 3954 1032 3988 esse
1071 3939 1339 4005 Orpheum
1372 3947 1422 3989 et
1454 3940 1742 4004 Musaeum,
1770 3939 2031 4004 siquidem
2061 3938 2117 3988 hi
2152 3938 2508 4002 significentur
2536 3938 2617 3987 his
2637 3938 2827 4004 verbis,

559 4025 777 4075 aliorum
808 4031 1069 4077 sententia
1086 4054 1158 4065 —
1177 4043 1283 4076 non
1318 4027 1587 4077 PLAToms
1606 4053 1675 4063 —-
1694 4033 1803 4093 est3
1837 4041 2015 4075 verum
2047 4025 2202 4076 etiam
2238 4022 2350 4072 θεῶν
2379 4025 2476 4074 hos
2496 4020 2677 4079 παῖδας
2696 4025 2828 4074 eius·

561 4113 701 4163 modi
741 4114 869 4178 quid
906 4114 1061 4180 quale
1092 4114 1177 4163 hic
1207 4114 1415 4180 legitur,
1446 4109 1641 4172 μηνύειν
1680 4128 1875 4178 eosque
1915 4128 2027 4162 esse
2065 4111 2275 4167 ποιητὰς
2302 4108 2387 4158 καὶ
2413 4107 2672 4171 προφήτας
2702 4107 2830 4165 θεῶν,

560 4200 688 4250 haec
720 4200 793 4249 ait
816 4200 906 4250 ille
927 4201 1211 4251 iniustitiae
1232 4209 1498 4267 patronus,
1518 4201 1609 4267 qui
1629 4200 1831 4249 verbis:
1851 4195 2000 4259 φήσει
2021 4194 2347 4261 λογιζόμενος
2366 4198 2639 4248 indicatur·
2660 4198 2830 4260 Quem

563 4288 777 4336 omnino
817 4303 923 4336 non
959 4303 1111 4352 agere
1147 4288 1420 4337 PLA’roms
1455 4288 1614 4353 vices,
1650 4287 1753 4336 iam
1791 4287 1890 4335 erit
1927 4287 1980 4335 in
2018 4285 2215 4350 aprico.
2256 4286 2439 4349 Itaque
2476 4285 2584 4334 iure
2618 4284 2830 4349 quidem

564 4374 774 4423 Wssnssss
813 4389 930 4439 pag.
977 4386 1037 4438 13
1078 4375 1196 4424 adn.
1240 4388 1334 4437 24:
1378 4375 1503 4439 „Bei
1541 4374 1634 4423 der
1668 4373 1842 4423 frither
1881 4372 2116 4422 zitierten
2155 4371 2316 4421 Stelle
2354 4387 2464 4436 rep.
2507 4372 2559 4420 11
2597 4387 2649 4436 p.
2671 4370 2829 4433 366Β

561 4467 727 4509 nennt
776 4474 832 4509 er
881 4459 1124 4525 Orpheus
1162 4461 1270 4510 und
1309 4462 1521 4510 Musfius
1559 4457 1672 4507 θοῦν
1708 4455 1887 4513 παῖδας
1920 4455 2126 4513 ποιηταὶ
2158 4455 2240 4503 καὶ
2280 4458 2529 4518 προφῆται
2570 4457 2708 4507 ohne
2745 4457 2831 4506 ein

559 4541 625 4601 ὅς
674 4550 818 4605 Φασε.
871 4547 1003 4596 Das
1054 4546 1217 4597 faut
1268 4546 1556 4598 deshalb
1607 4546 1802 4596 nicht
1851 4545 1957 4595 ins
2009 4544 2342 4610 Gewicht,
2391 4543 2541 4593 weil
2584 4543 2648 4607 ja
2684 4543 2825 4592 dort

562 4633 1050 4683 ausdrucklich
1106 4634 1225 4683 mit
1282 4634 1409 4683 den
1466 4634 1746 4683 Worten
1808 4627 1977 4696 ,ἄλλζ
2031 4624 2066 4677 ὖ
2113 4629 2248 4691 φίλε,
2290 4626 2440 4692 φήσει
2490 4627 2835 4693 λογιζόμενος,

566 4755 720 4770 .....
758 4719 1043 4781 mmm-affl
1100 4720 1207 4770 die
1263 4736 1466 4785 ganze
1521 4719 1742 4770 Stelle
1793 4718 1984 4768 nicht
2033 4719 2132 4768 als
2185 4717 2476 4767 Ansicht
2527 4717 2832 4782 PlatonS,

2612 4833 2673 4869 12
