3717 5575
1962 622 2057 709 56

871 816 1244 909 haereant3
1303 816 1372 889 id
1427 816 1622 914 quod
1675 814 2057 916 explicatur
2109 817 2289 914 Rep.
2350 820 2443 911 58
2461 843 2486 890 1
2526 820 2625 909 D,
2675 846 2820 917 quo
2863 818 3022 895 loco
3061 822 3132 900 τὸ

872 940 1106 1017 εἰδέναι
1178 938 1450 1031 τοῖληθὲς
1525 939 1649 1045 ἕπῃ
1723 937 1854 1043 ἔχει
1928 939 2169 1013 dicitur
2238 942 2478 1044 ἡδονή,
2529 941 2809 1040 reliquis
2864 947 3134 1036 ἡδοναῖς

874 1059 1090 1160 longe
1143 1060 1669 1158 praeponenda.
1690 1057 1740 1158 ¹)

975 1183 1258 1255 Revera
1330 1183 1509 1256 duas
1578 1183 1709 1256 has
1778 1199 2021 1280 partes
2084 1184 2390 1259 maxime
2442 1201 2718 1283 spectat
2769 1187 3015 1261 PLA‘ro
3069 1188 3137 1262 in

872 1303 1163 1379 aliorum
1235 1305 1702 1380 doctrinarum
1773 1304 2402 1404 contemplatione3
2458 1308 2812 1407 physicos,
2871 1310 2987 1408 qui
3039 1311 3134 1384 di·

870 1445 1114 1502 cuntur
1167 1428 1471 1526 proprie,
1527 1454 1781 1526 parum
1836 1445 2051 1503 curat.
2076 1429 2127 1526 ²)

980 1551 1318 1625 Ceterum
1389 1578 1563 1625 vero
1635 1578 1724 1625 ex
1784 1552 1991 1625 variis
2043 1551 2149 1625 his
2200 1552 2705 1628 definitionibus
2758 1553 2961 1629 latius
3010 1581 3132 1653 pa·

874 1691 1024 1748 tere
1095 1674 1291 1771 apud
1362 1675 1759 1747 PLATONEM
1821 1673 2308 1774 philosophiae
2378 1676 2672 1751 notionis
2741 1678 2883 1751 vim
2897 1676 2948 1775 ³)
3004 1703 3135 1754 nec

967 1932 1019 2000 1)
1054 1937 1138 1984 τὸν
1175 1933 1228 1983 δε
1263 1932 1566 1997 φιλόσοφον.
1589 1974 1599 1983 .
1636 1933 1697 1982 τί
1720 1933 1933 1995 οἲῶμεθα
1967 1936 2086 1992 τὰς
2123 1933 2332 1992 Ζίλλας
2369 1933 2594 1992 ἡδονὸις
2628 1935 2847 2002 νομίζειν
2882 1938 2999 1998 πρὸς
3028 1937 3141 1994 τὴν

869 2018 984 2067 τοῦ
1030 2014 1273 2066 εἰδέναι
1319 2015 1601 2073 rolandia
1645 2014 1762 2079 ὅπῃ
1806 2013 1954 2078 ’ἔχει
2001 2014 2088 2065 καὶ
2121 2014 2171 2064 ἓν
2205 2020 2277 2079 τῷ
2313 2015 2525 2079 τοιούτῳ
2561 2017 2659 2066 τινὶ
2691 2016 2772 2068 ἀεὶ
2806 2013 2928 2067 εῚναι
2961 2017 3141 2080 pavaci-

870 2116 1041 2155 νοντας

962 2184 1019 2249 2)
1058 2184 1136 2234 Cf.
1176 2183 1333 2233 verba
1371 2183 1681 2233 HERMANM
1720 2198 1838 2248 pag.
1882 2193 1967 2248 52,
2003 2182 2122 2231 adn.
2163 2196 2193 2231 2
2234 2182 2456 2233 laudata.

966 2271 1023 2337 3)
1061 2270 1337 2320 Latissima
1369 2270 1500 2320 haec
1530 2271 1610 2320 vis
1642 2270 1846 2320 videtur
1880 2284 1991 2319 esse
2013 2270 2203 2319 talibus
2220 2270 2351 2320 locis
2370 2269 2549 2335 quales
2569 2278 2690 2320 sunt
2708 2271 2923 2321 Theaet.
2950 2284 3046 2336 143
3068 2274 3136 2322 D:

869 2354 920 2404 εἸ
947 2373 1076 2414 τινες
1119 2353 1291 2405 αὐτόθι
1327 2356 1436 2417 περὶ
1467 2356 1774 2421 γεωμετρίαν
1809 2353 1836 2412 ii
1874 2372 1987 2403 τινα
2021 2353 2182 2411 Ζίλλην
2216 2356 2514 2418 φιλοσοφίαν
2550 2354 2650 2404 εἶσὶ
2681 2359 2781 2404 ’νῦν
2816 2355 2930 2405 νέων
2967 2354 3142 2417 impti-

869 2447 1005 2487 λειαν
1040 2438 1333 2499 ποιούμενοι,
1370 2443 1546 2491 nescio
1586 2457 1708 2490 vero
1748 2456 1924 2490 annon
1962 2440 2117 2489 etiam
2155 2441 2290 2505 Rep.
2322 2441 2385 2489 V.
2414 2451 2516 2503 473
2539 2440 2581 2489 C
2603 2442 2680 2490 D:
2710 2437 2825 2487 Ἐὰν
2855 2439 3005 2499 μὴ...
3036 2440 3065 2496 ἢ
3094 2440 3146 2488 οἱ

869 2526 1135 2586 φιλόσοφοι
1182 2524 1550 2585 βασιλεύσωσιν
1597 2522 1645 2575 ὲν
1692 2527 1807 2583 ταῖς
1852 2528 2059 2573 πόλεσιν
2101 2523 2131 2581 ³)
2181 2525 2231 2573 o!
2270 2526 2489 2586 βασιλῆς
2535 2541 2595 2573 τε
2641 2527 2720 2573 νῦν
2761 2528 3021 2589 λεγόμενοι
3056 2525 3140 2575 καὶ

873 2606 1116 2657 δυνάσται
1164 2606 1665 2670 φιλοσοφήσωσι
1699 2608 1976 2670 γνησίως
2010 2623 2083 2655 τε
2118 2606 2222 2656 καὶ
2255 2607 2513 2667 ἱκανῶς,
2543 2606 2817 2658 καὶτοῦτο
2850 2607 2919 2666 εἷς
2951 2607 3139 2658 ταύτὸν

872 2688 1122 2755 §vl-exim,
1168 2686 1374 2750 δύναμίς
1419 2706 1479 2739 τε
1523 2688 1757 2746 πολιτικὴ
1803 2688 1889 2738 καὶ
1931 2688 2225 2752 φιλοσοφία,
2271 2693 2370 2737 τῶν
2412 2686 2466 2738 δὲ
2511 2691 2589 2737 νῦν
2623 2688 2952 2751 πορευομένων
2986 2689 3140 2753 χωρὶς

873 2770 953 2834 ὂφ’
1006 2770 1234 2834 ἑκάτερον
1283 2772 1345 2821 αι’
1390 2771 1578 2821 πολλαὶ
1625 2769 1804 2835 φύσεις
1855 2769 1910 2837 ἐξ
1961 2770 2179 2835 ἀνάγκης
2230 2769 2635 2829 ἀποκλεισθῦσιν,
2690 2769 2777 2823 οὒκ
2820 2770 2937 2822 ’ἐστι
2984 2779 3141 2823 κακὸν

875 2859 1079 2905 παῦλα.
1101 2890 1150 2906 ..
1192 2858 1309 2910 ταῖς
1353 2856 1547 2911 πόλεσι,
1596 2853 1716 2903 δοκῶ
1766 2852 1925 2904 δὀὒδὶ
1971 2859 2043 2917 τῷ
2080 2854 2352 2916 ἀνθρωπίνῳ
2387 2853 2521 2918 γίνει
2557 2865 2707 2904 κτλ.

967 2940 1209 3004 Sagacius
1257 2940 1439 2989 saltem
1491 2955 1649 3004 quam
1698 2941 1867 2989 verius
1912 2941 2299 2989 WmDELBAND
2336 2939 2391 2987 in
2430 2940 2636 3004 egregia
2676 2940 2740 2990 de
2777 2941 2993 2990 notione
3025 2940 3139 3006 phi-

876 3026 1146 3092 losophiae
1215 3027 1568 3092 disputatione
1629 3026 1947 3093 (Priiludien.
2007 3026 2248 3075 Aufsatze
2310 3026 2417 3075 und
2464 3026 2646 3076 Reden
2695 3043 2783 3076 zur
2832 3026 3138 3093 Einleitung

878 3113 933 3162 in
981 3113 1067 3162 die
1114 3114 1466 3178 Philosophie.
1519 3113 1771 3178 Freiburg
1821 3113 1919 3162 i.B.
1969 3113 2077 3162 und
2125 3112 2403 3177 Tubingen
2456 3110 2605 3176 1884.
2658 3114 2831 3178 Mohr,
2880 3131 2999 3180 pag.
3054 3116 3141 3182 12)

880 3208 1051 3250 vetare
1100 3201 1225 3250 mihi
1275 3202 1496 3266 videtur,
1544 3201 1599 3250 in
1649 3201 1778 3250 locis
1826 3201 1997 3266 qualis
2046 3207 2125 3249 est
2173 3199 2428 3264 posterior
2464 3216 2642 3250 vocem
2676 3198 2978 3261 φιλοσοφίαν
3015 3203 3141 3251 Ger·

879 3287 1077 3336 manice
1129 3289 1259 3338 verti
1314 3286 1736 3352 „Philosophie.''
1794 3288 1916 3336 Mea
1970 3287 2182 3351 quidem
2237 3287 2498 3336 sententia
2542 3287 2738 3352 optime
2789 3288 2862 3337 ita
2909 3289 3143 3354 vertitur,

878 3374 1158 3424 dummodo
1196 3375 1324 3440 quid
1357 3375 1497 3439 apud
1528 3374 1797 3424 Platonem
1836 3381 1986 3423 sonet
2021 3373 2148 3423 haec
2178 3388 2300 3439 vox,
2328 3381 2502 3423 mente
2535 3381 2797 3439 teneatur3
2830 3375 2885 3424 id
2916 3374 3060 3440 quod
3087 3376 3141 3425 in

880 3462 1022 3510 omni
1060 3462 1488 3527 interpretatione
1525 3477 1658 3526 opus
1694 3469 1788 3510 est.

971 3548 1210 3598 Ceterum
1247 3548 1374 3598 haec
1413 3549 1855 3597 wmnnmmmo
1894 3547 2097 3596 obicio:

970 3635 1170 3683 Prima.
1221 3635 1586 3700 Interpretatio
1635 3635 1762 3684 haec
1811 3635 2112 3700 unicuique,
2159 3634 2406 3685 historiae
2445 3616 2810 3701 philosophiae
2849 3652 2957 3686 non
2993 3638 3148 3687 nimis

882 3721 1015 3788 rudi,
1052 3722 1175 3772 satis
1214 3731 1290 3772 est
1331 3723 1634 3789 perspicua3
1672 3722 1737 3772 iis
1773 3729 1945 3771 autem
1983 3722 2074 3787 qui
2111 3721 2264 3772 huius
2295 3722 2539 3772 historiae
2572 3723 2769 3773 nullam
2798 3724 2994 3774 habent
3013 3725 3146 3774 noti-

886 3808 1025 3873 tiam,
1072 3826 1244 3874 neque
1282 3810 1398 3859 aliis
1436 3809 1952 3874 interpretationibus
1989 3825 2068 3858 res
2105 3809 2429 3875 explanatur,
2465 3811 2647 3874 quales
2686 3818 2808 3860 sunt
2846 3811 3148 3861 Semnum-

885 3907 1248 3944 MACHERmNA
1284 3896 1376 3945 illa
1408 3896 1694 3962 (φιλόσοφοι
1719 3917 1771 3942 .-
1794 3894 2033 3944 Freunde
2072 3895 2162 3944 der
2192 3895 2589 3963 wissenschaft)
2621 3902 2707 3945 aut
2740 3911 2816 3962 ea,
2847 3911 3003 3961 quam
3035 3897 3148 3962 ipse

886 3982 1358 4031 W1NDELBANDIUS
1394 3983 1606 4032 suadere
1643 3982 1849 4031 videtur
1886 3980 2183 4046 (φιλοσοφία
2209 4005 2257 4025 =
2285 3981 2779 4032 wissenschastliche
2816 3983 3083 4050 Bildung).

973 4067 1188 4117 Deinde.
1220 4068 1375 4118 Extat
1406 4084 1529 4118 sane
1563 4068 1764 4133 aliquid
1784 4067 2096 4117 discriminis
2117 4068 2252 4117 inter
2270 4068 2586 4118 Platonicam
2607 4084 2787 4119 vocem
2808 4072 3151 4135 πφιλοσοφίαἼ

886 4162 936 4205 et
977 4162 1205 4205 nostram
1244 4154 1665 4220 „Philosophie’'.

976 4245 1046 4293 At
1083 4245 1126 4294 si
1166 4244 1343 4294 talium
1382 4244 1735 4294 discriminum
1772 4244 2050 4294 habebitur
2086 4245 2234 4306 ratio,
2274 4259 2540 4310 nunquam
2572 4244 2678 4294 fere
2709 4244 2808 4294 hoe
2839 4242 3149 4293 vocabulum

892 4331 1127 4396 usurpari
1165 4331 1375 4396 poterit.
1408 4331 1612 4396 Nempe
1651 4346 1758 4379 non
1790 4330 1957 4380 solum
1989 4346 2155 4395 paene
2186 4330 2354 4380 dicam
2386 4331 2743 4396 unusquisque
2764 4330 2951 4396 prioris
2968 4329 3151 4379 aetatis

889 4417 1236 4482 philosophus
1272 4417 1424 4466 aliam
1461 4433 1519 4466 ac
1561 4417 1814 4466 diversam
1852 4416 1972 4465 huic
2011 4417 2127 4466 voci
2166 4416 2386 4466 subiecit
2421 4417 2707 4483 notionem,
2744 4416 2837 4466 sed
2867 4431 2964 4465 nec
2993 4415 3149 4464 hodie

891 4505 954 4554 de
992 4503 1132 4553 illius
1170 4503 1548 4568 significatione
1585 4502 1832 4552 convenit
1870 4502 2004 4551 inter
2043 4504 2178 4552 viros
2215 4502 2413 4552 doctos.
2456 4503 2652 4554 Audias
2689 4504 2862 4569 ipsum
2892 4502 3151 4551 WINDRL·

888 4603 1159 4655 BANDmM,
1197 4590 1402 4639 Pralud.
1443 4590 1586 4639 init.:
1629 4589 1864 4653 „Namen
1898 4589 2071 4638 haben
2109 4589 2220 4639 ihre
2260 4590 2570 4656 Geschiclm,
2608 4592 2731 4639 aber
2762 4590 2928 4639 selten
2959 4605 3151 4638 soson·

889 4663 1121 4742 derbare‚
1159 4676 1255 4726 wie
1294 4677 1385 4726 das
1426 4677 1574 4725 Wort
1617 4675 2040 4742 „Philosophie.''
2081 4677 2321 4726 Wenden
2361 4677 2453 4726 wir
2484 4693 2582 4726 uns
2608 4677 2703 4727 mit
2736 4676 2828 4726 der
2847 4677 3031 4742 Frage,
3050 4692 3153 4727 was
