3717 5575
823 713 889 787 171

290 889 417 991 bus;¹)
440 919 598 991 quorum
623 894 807 969 desiderio
832 919 915 967 curn
943 892 1136 967 Socnnrns
1159 889 1347 979 satisfacit,
1367 913 1423 962 or·

291 1014 388 1089 ditur
415 1016 612 1114 primariae
639 1016 691 1092 rei
720 1016 922 1115 disputatio
951 1015 1052 1113 (inde
1079 1040 1102 1089 a
1130 1040 1165 1112 p.
1194 1011 1317 1107 367E
1341 1009 1421 1084 libri

291 1138 466 1235 secundi).

345 1260 402 1333 Ex
438 1261 610 1335 omnibus
647 1262 705 1334 his
742 1260 847 1335 facile
876 1260 1106 1359 perspicitur,
1136 1258 1357 1333 Gunuconrs
1384 1270 1422 1329 et

296 1381 494 1457 Animum
521 1383 762 1476 orationibus,
788 1409 885 1483 quae
910 1408 957 1456 ne
982 1383 1147 1480 ipsorum
1171 1380 1321 1478 quidem
1345 1376 1421 1475 opi·

292 1504 422 1579 niones
450 1506 622 1597 reserant,
652 1506 803 1580 omnino
827 1531 902 1580 non
927 1504 1106 1580 contineri
1130 1506 1319 1577 Pnnnonrs
1342 1524 1421 1574 sen·

290 1627 495 1725 tentiam‚²)
532 1655 646 1726 quarn
682 1630 731 1703 ab
768 1630 809 1702 iis
836 1629 924 1726 ipsis
953 1643 1115 1718 coactus,
1147 1652 1243 1700 nunc
1270 1626 1422 1699 demum

291 1765 457 1846 exponat
485 1751 697 1825 Socnn‘rns:
722 1751 848 1848 itaque
872 1777 941 1825 nec
965 1751 1096 1824 mirum
1118 1748 1314 1838 videbitur,
1339 1770 1422 1818 cunr

292 1870 420 1962 multa,
458 1897 557 1969 quae
593 1900 676 1946 cunr
712 1873 768 1946 his
796 1873 1018 1947 Gnnucours
1046 1887 1084 1946 et
1113 1872 1315 1944 Auruncum
1343 1892 1422 1941 ora·

292 1993 454 2067 tionibus
481 2011 661 2093 pugnent,
672 1992 699 2092 ⁸)
723 1996 842 2093 ipsum
866 1996 1037 2069 docuisse
1060 1990 1320 2088 Pnaronuu‚⁴)
1343 2006 1422 2063 turn
1451 1995 1454 2000 '

339 2253 365 2321 1)
381 2254 504 2320 sanun,
521 2253 640 2319 Prolegg.
659 2253 692 2303 ad
710 2254 778 2319 Rep.
797 2269 858 2320 pag.
876 2253 974 2303 LXIX.

337 2339 365 2407 2)
384 2338 424 2390 Cf.
449 2341 479 2390 L.
501 2335 639 2405 Scuumn,
656 2339 718 2389 Eth.
737 2339 763 2389 d.
782 2356 805 2391 a
826 2340 871 2389 Gr.
890 2340 902 2388 1
922 2354 1000 2405 pagg.
1020 2337 1054 2388 28
1072 2352 1147 2402 sqq.:
1169 2336 1236 2401 „Die
1254 2334 1423 2385 wunderbare

291 2426 426 2491 poetische
455 2425 693 2491 Gestaltungsicraft
721 2425 836 2476 Platon‘s
863 2426 928 2475 wird
952 2425 1079 2475 ebenialls
1103 2441 1134 2474 zu
1156 2424 1241 2475 einem
1264 2421 1337 2471 nicht
1354 2420 1424 2469 hoch

295 2528 382 2578 genng
412 2512 654 2578 annuschlagenden
685 2511 783 2579 Mittei,
811 2528 861 2561 uns
890 2512 941 2562 den
971 2511 1152 2576 griechischen
1182 2509 1333 2574 Volksgeist
1356 2505 1424 2556 nach

292 2599 379 2649 seiner
405 2599 539 2649 ethischen
567 2600 638 2650 Seite
664 2616 695 2649 zu
721 2600 991 2665 vergegenwiirtigen:
1017 2599 1076 2648 sind
1100 2598 1168 2647 doch
1192 2597 1238 2646 der
1258 2597 1359 2646 Menon
1377 2594 1424 2643 des

291 2685 501 2750 gleichnamigen
526 2685 645 2751 Dialogs,
669 2685 716 2735 der
739 2686 879 2735 Pausanias
903 2685 950 2734 des
975 2684 1133 2751 Gastmahls,
1151 2684 1197 2733 der
1216 2682 1360 2748 Kephalos,
1378 2680 1424 2730 der

295 2771 485 2838 Polemarchos,
509 2771 555 2822 der
581 2771 714 2839 Glaukon,
738 2772 785 2822 der
810 2771 982 2823 Adeimantos
1000 2771 1046 2822 der
1065 2769 1199 2837 Republilc
1217 2770 1333 2835 Typen
1352 2768 1426 2817 sitt-

293 2859 405 2909 licher
425 2861 787 2926 Lebensrichtungen,
805 2861 854 2910 wie
873 2860 911 2910 sie
930 2868 1006 2910 unter
1024 2859 1116 2909 seinen
1134 2859 1320 2924 Zeitgenossen
1338 2853 1426 2919 hiufig

293 2945 445 2996 rothanden
464 2962 549 2996 waren
567 2947 622 2997 und
641 2947 689 2997 wie
707 2946 745 2996 sie
763 2947 826 2996 hein
844 2946 1041 2996 reflektirender
1057 2945 1162 2995 Bericht
1176 2945 1224 2994 mit
1239 2943 1354 3009 gleicher
1370 2942 1424 2990 An·

294 3032 482 3082 schaulichkeit
501 3049 550 3082 uns
568 3049 616 3082 vor
634 3033 677 3083 die
697 3032 772 3083 Seele
793 3034 904 3083 zaubern
922 3031 1050 3082 konnte.¹’

338 3117 367 3185 3)
385 3118 464 3182 Quod
489 3118 558 3185 dico,
582 3119 664 3169 multa
688 3119 729 3169 his
755 3120 841 3170 inesse
866 3119 1028 3169 orationibus
1047 3133 1114 3183 quae
1133 3133 1191 3167 cum
1210 3132 1270 3167 vera
1289 3116 1425 3165 Pmortls

294 3205 420 3271 opinione
439 3213 567 3270 pugnent,
584 3205 612 3255 id
631 3221 685 3255 non
703 3207 770 3255 hanc
787 3205 868 3256 habet
883 3205 946 3271 rim,
961 3213 989 3255 ut
1004 3205 1077 3254 nihil
1084 3205 1169 3254 inesse
1178 3202 1345 3266 contendam,
1354 3201 1426 3267 quod

296 3308 354 3343 cum
377 3292 513 3341 Pnnsoms
531 3292 661 3342 sententia
679 3299 818 3358 congruat:
837 3292 887 3342 hoc
905 3298 1007 3342 tantum
1025 3292 1090 3356 dixi,
1107 3307 1138 3341 ea
1157 3305 1223 3356 quae
1242 3289 1426 3339 contineantur

295 3378 367 3430 hisce
385 3379 547 3429 orationibus
565 3395 619 3428 non
635 3386 730 3428 temere
746 3380 868 3428 ΡιΑτοΝι
884 3394 941 3428 esse
955 3377 1169 3443 tribuendacnm
1179 3377 1269 3427 harum
1279 3376 1426 3426 orationum

292 3467 357 3516 ratio
382 3473 408 3516 et
434 3465 598 3531 propositum
621 3480 637 3514 a
661 3464 794 3514 Socmls
819 3464 1005 3530 disputationis
1026 3464 1137 3513 consilio
1157 3478 1261 3528 prorsus
1280 3462 1426 3513 abhorreat.

294 3554 387 3619 Itaque
405 3569 459 3602 non
478 3568 547 3617 nego
564 3567 626 3601 vera
644 3567 700 3601 esse
720 3567 787 3616 quae
806 3551 870 3601 dicit
889 3550 1024 3616 Scauros,
1043 3550 1105 3600 Eth.
1123 3551 1149 3601 d.
1168 3566 1192 3601 a.
1211 3550 1257 3600 Gr.
1277 3551 1290 3599 1
1306 3565 1365 3615 pag.
1382 3545 1424 3598 28:

297 3640 364 3705 „Die
382 3639 573 3704 hochwichtige
592 3638 672 3689 Steile
688 3638 734 3688 der
749 3638 895 3704 Republik,
909 3638 938 3688 in
954 3638 1065 3688 welches
1081 3637 1201 3688 Platon
1218 3637 1260 3687 die
1274 3637 1332 3686 dem
1342 3650 1425 3701 popu·

292 3725 365 3776 liren
399 3726 573 3775 Bewusstsein
603 3725 813 3790 gegenwttrtigen
842 3724 943 3773 Motive
970 3724 1016 3773 der
1043 3724 1202 3774 Sittlichlceit
1230 3722 1334 3772 durch
1360 3721 1425 3771 den

295 3812 323 3861 M
331 3829 347 3862 n
354 3812 397 3862 nd
410 3812 468 3862 des
484 3811 568 3861 Adei
576 3826 648 3861 man
656 3818 709 3861 tos
724 3811 796 3860 einer
806 3810 1011 3860 vernichtenden
1021 3810 1110 3860 Kritik
1120 3808 1265 3859 unterwirt't
1275 3807 1313 3875 (ο,
1323 3807 1426 3874 365a-

295 3897 384 3966 3670),
401 3897 464 3948 iasst
482 3896 617 3963 zugieich’'
632 3911 706 3964 sqq.;
724 3913 881 3962 quamquam
897 3897 1037 3964 prudentia
1045 3912 1112 3961 opus
1122 3905 1175 3947 est:
1186 3895 1352 3946 conferantur
1361 3894 1427 3944 eius·

294 3985 353 4036 dem
371 3985 459 4051 verba,
478 4000 537 4050 pag.
559 3996 608 4047 174
626 3984 686 4034 adn.
709 3996 719 4033 1
741 3984 853 4035 laudata.

337 4071 367 4139 4)
385 4072 427 4123 Sic
450 4071 547 4122 similes
572 4087 674 4137 poenae
698 4072 786 4137 impiis
811 4079 837 4121 et
860 4072 964 4121 iniustis
989 4071 1141 4136 impendere
1160 4070 1281 4120 dicuntur
1298 4070 1348 4119 hoc
1366 4069 1425 4118 loco

293 4156 373 4224 (Rep.
389 4158 417 4208 11
435 4158 487 4221 363
497 4157 535 4224 D)
553 4164 632 4223 atque
650 4172 696 4208 eae
715 4172 780 4223 quas
796 4158 935 4208 Socaatns
950 4165 1133 4207 commemorat
1144 4155 1276 4206 Phaedon.
1286 4154 1320 4219 69
1331 4154 1362 4218 C,
1372 4170 1425 4219 qno

292 4244 351 4295 loco
360 4245 425 4310 quin
436 4245 519 4309 ipsius
528 4244 671 4309 reperiatur
681 4245 816 4295 Pnatoms
825 4245 965 4310 sententia,
975 4260 1029 4294 non
1039 4253 1079 4294 est
1085 4244 1202 4295 dubium:
1212 4238 1254 4289 nai
1262 4236 1427 4288 κινδυνεύουσι

291 4327 334 4377 νυνὶ
355 4329 381 4378 οΙ
394 4328 443 4386 τος
461 4328 570 4386 τιλετος
587 4325 645 4389 ἡμῖν
663 4320 732 4377 ουτοι
749 4326 960 4387 καταστήσαντος
977 4325 1006 4377 οὒ
1022 4327 1120 4390 φαῦλοί
1133 4344 1199 4385 τινος
1216 4324 1286 4385 οἶνον,
1303 4327 1373 4377 dnn&
1390 4331 1426 4390 τῷ

290 4409 344 4460 'brar
360 4408 441 4460 πάλιν
459 4407 623 4469 οἷνίττυσθου,
640 4409 690 4466 tn,
706 4408 733 4467 ὃς
750 4408 780 4460 ἂν
796 4408 911 4472 ἀμύητος
927 4409 971 4460 nai
987 4408 1129 4469 ἂτίλεστος
1144 4408 1180 4469 οἷς
1193 4408 1284 4459 ίἋιδου
1297 4409 1427 4473 ἀφίονται,

291 4488 322 4541 ir
344 4493 485 4554 βορβόρῳ
510 4491 674 4548 ualeam,
694 4491 707 4539 δ
725 4489 753 4541 δὲ
770 4489 948 4555 κεκαθαρμένος
965 4508 995 4541 τι
1011 4490 1054 4540 sai
1070 4491 1253 4553 τετελεσμένος
1270 4487 1351 4542 ineisa
1368 4491 1427 4555 ἄφν-

291 4575 391 4636 κόμονος
414 4575 482 4636 μετὰ
506 4571 563 4622 θοῦν
580 4570 673 4630 uixisti
690 4575 736 4641 (ci.
755 4577 823 4641 Rep.
843 4577 893 4641 363
905 4577 945 4627 D:
964 4574 1023 4631 τοῦς
1045 4571 1073 4623 δὲ
1090 4572 1202 4632 ἀνοσίους
1219 4567 1252 4622 ai
1268 4572 1311 4623 nai
1327 4571 1428 4634 ἀδίκους

291 4659 326 4720 οἷς
343 4662 422 4718 πηλόν
438 4677 496 4709 τινο
512 4659 710 4723 κατορύττουσιν
727 4656 753 4709 ia
766 4657 856 4709 “Ardua
873 4660 955 4732 sqq.).

338 4750 480 4817 Praeterea,
499 4766 656 4816 quamquam
671 4750 811 4817 diligenter
820 4751 1011 4801 AnutAN'rusa
1021 4750 1148 4801 Βοωπ
1155 4753 1266 4818 rogavit,
1275 4760 1304 4802 nt
1313 4751 1427 4804 mitteret
