3717 5575
931 672 1003 741 124

401 842 510 916 huius
523 843 571 916 de
586 843 647 917 illa
661 844 833 918 iudicium
849 847 896 921 sit
909 846 1157 936 tractandum,
1173 868 1285 917 nemo
1295 843 1531 940 vituperabit.

454 966 625 1063 Denique
651 967 703 1040 ita
725 967 855 1042 iecisse
880 969 1101 1059 Patronem,
1126 992 1200 1040 non
1225 966 1355 1039 mirum
1380 981 1448 1055 est,
1464 990 1534 1038 nec

401 1103 531 1160 contra
572 1089 890 1186 prae-Socraticae
930 1091 1191 1190 philosophiae
1232 1087 1396 1162 indolem
1434 1087 1531 1185 egit:

401 1235 532 1285 revera
570 1212 605 1285 in
644 1213 714 1287 hac
741 1214 911 1288 homines
940 1214 1060 1312 magis
1090 1228 1175 1287 sunt
1203 1211 1390 1308 conspicui
1418 1234 1531 1308 quarn

400 1332 655 1430 problemata:
684 1337 778 1410 haec
802 1337 968 1410 nondum
992 1352 1167 1434 separata
1181 1350 1267 1408 sunt
1280 1333 1380 1407 aliud
1395 1333 1444 1406 ab
1459 1331 1532 1405 alio

401 1480 469 1528 nec
505 1456 688 1549 distincta,
726 1460 819 1532 haec
856 1461 1022 1533 nondum
1060 1459 1141 1556 ipsa
1179 1483 1245 1554 per
1281 1480 1321 1529 se
1359 1479 1532 1553 quaeque

401 1575 614 1676 tractata:¹)
642 1580 703 1652 vix
727 1579 801 1653 ulla
826 1581 997 1678 quaestio
1021 1578 1119 1654 clare
1143 1605 1187 1652 ac
1211 1594 1310 1652 recte
1325 1578 1448 1675 posita
1462 1592 1530 1666 est,

401 1700 538 1772 nedum
567 1700 615 1773 ad
644 1700 755 1774 finem
780 1704 979 1800 perducta:
1005 1702 1132 1798 itaque
1155 1701 1198 1773 iis
1213 1700 1301 1797 ipsis
1313 1699 1401 1771 viris
1414 1698 1534 1772 doctis

400 1822 449 1895 de
477 1822 610 1919 quibus
637 1849 750 1921 supra
777 1841 858 1898 erat
885 1849 1021 1915 sermo,
1051 1824 1145 1896 haec
1172 1823 1349 1919 antiquae
1374 1820 1533 1918 philoso-

401 1945 512 2041 phiae
549 1971 636 2042 pars
672 1948 853 2021 maximas
880 1947 1037 2045 praebet
1065 1941 1350 2041 difficultates‚²)
1378 1943 1463 2017 licet
1491 1944 1533 2017 iis

401 2093 469 2164 pro
512 2069 706 2165 probemio
747 2087 892 2144 tantum
934 2094 1018 2143 esse
1058 2068 1190 2141 soleat.
1234 2067 1381 2162 Quibus
1422 2066 1533 2139 rebus

403 2189 580 2283 adducor,
619 2208 659 2265 ut
695 2191 852 2267 alteram
891 2191 1014 2289 operis
1048 2191 1121 2263 mei
1149 2206 1295 2287 partem
1324 2188 1533 2262 hominibus

402 2310 579 2404 dividam,
609 2339 684 2387 non
712 2316 1004 2412 quaestionibus,

457 2436 644 2534 Deinceps
668 2439 829 2512 dicturus
856 2434 993 2535 sum:⁸)

457 2648 483 2721 Ι.
516 2650 585 2723 De
635 2651 1004 2748 antiquissimis
1055 2650 1280 2724 Graecae
1321 2646 1532 2746 philoso-

522 2772 670 2870 phiae
697 2773 944 2873 vestigiis.

602 2920 632 2968 1.
664 2897 724 2970 De
752 2896 908 2993 Orpheo
937 2912 976 2970 et
1004 2895 1178 2993 Orphicis
1206 2895 1268 2992 qui
1296 2894 1474 2967 dicuntur.

601 3044 633 3091 2.
665 3020 725 3092 De
753 3020 942 3093 veteribus
968 3016 1194 3117 generaliter
1221 3017 1337 3090 dictis.

604 3166 637 3236 3.
669 3143 729 3216 De
757 3142 837 3215 aliis
864 3142 894 3215 si
919 3141 981 3238 qui
1005 3156 1091 3214 sunt
1115 3138 1280 3213 eiusdem
1295 3137 1444 3236 generis
1458 3138 1534 3235 phi·

720 3263 897 3361 Iosophis

519 3476 565 3550 ll.
597 3478 666 3550 De
695 3477 864 3551 Ionicis
892 3477 967 3574 qui
990 3475 1204 3550 dicuntur
1226 3473 1530 3572 philosophis.

603 3623 632 3673 1.
665 3600 725 3673 De
753 3597 923 3672 Thalete.

402 3752 596 3762 ——--—---—

449 3829 475 3897 1)
494 3829 534 3879 Cf.
559 3831 716 3879 Bnuuntm
740 3829 793 3879 0.1.
821 3844 881 3894 pag.
901 3828 981 3877 VIII:
1002 3828 1090 3892 „weil
1108 3829 1153 3878 das
1172 3829 1292 3878 Problem
1311 3829 1357 3879 der
1377 3829 1485 3880 Materie
1504 3828 1532 3878 in

402 3917 539 3967 derselben
565 3915 602 3982 [h.
612 3930 649 3965 a:
671 3917 698 3965 in
718 3915 764 3965 der
782 3915 1009 3965 vorsokratischen
1029 3915 1208 3982 PhilosophIe]
1227 3916 1296 3966 noch
1314 3917 1393 3966 keine
1408 3917 1534 3980 abgeson-

403 4004 475 4054 derte
494 4002 666 4067 Behandlung
684 4001 801 4052 ersabren
820 4002 865 4050 hat
876 4038 883 4050 .
893 4040 899 4052 .
911 4000 936 4049 .‘’

447 4089 475 4157 2)
494 4089 534 4139 ef.
553 4105 577 4138 0.
588 4089 606 4138 1.
624 4090 781 4138 Bnuuuxun
800 4088 852 4137 o.l.
871 4104 931 4154 pag.
953 4088 1026 4137 VIII.

447 4175 475 4242 3)
495 4177 658 4241 Quamquam
681 4176 708 4224 in
733 4176 881 4225 universum
902 4190 998 4239 sequor
1016 4175 1144 4240 ordinem,
1162 4191 1240 4241 quem
1259 4176 1287 4225 in
1307 4192 1387 4242 opere
1405 4193 1452 4226 suo
1469 4176 1536 4241 „Ge-

403 4263 519 4314 scbichte
538 4262 584 4311 der
604 4263 683 4312 Alten
703 4261 889 4326 Philosophie”
906 4261 1012 4310 exhibet
1028 4261 1232 4329 wmnmnmn,
1248 4262 1298 4312 hoc
1316 4263 1413 4314 iaciens
1429 4265 1540 4329 probare

402 4367 443 4400 me
469 4351 545 4400 huius
564 4350 613 4399 viri
631 4349 702 4399 docti
721 4350 748 4398 in
767 4350 815 4399 hac
833 4365 861 4398 re
881 4348 1017 4413 rationem,
1036 4348 1143 4397 omnino
1162 4365 1214 4398 non
1233 4350 1362 4415 significo.
1382 4352 1464 4417 Operi
1483 4367 1540 4400 meo

404 4453 465 4487 vero
484 4453 537 4486 non
556 4436 644 4500 magni
663 4435 765 4485 videtur
784 4451 840 4485 esse
859 4435 993 4500 momenti,
1012 4449 1089 4499 quem
1108 4435 1168 4498 quis
1187 4436 1307 4486 ordinem
1326 4446 1459 4503 sequatur.
1475 4439 1541 4487 PLA-

403 4536 499 4573 Toum
524 4525 557 4575 ad
581 4540 639 4574 eum
664 4524 828 4574 statuendum
849 4524 894 4572 via
912 4538 988 4572 ansas
1007 4522 1077 4587 dare,
1097 4523 1183 4572 exiis
1203 4540 1270 4589 quae
1289 4534 1366 4575 antea
1386 4525 1456 4575 dicta
1473 4532 1543 4594 sum³

405 4611 453 4660 erit
477 4612 648 4662 manifestum.
674 4612 766 4676 Itaque
790 4626 838 4660 nec
863 4612 987 4659 Dteuusu
1011 4610 1185 4660 Prae-Socrat.
1205 4611 1296 4679 fragm.
1317 4612 1440 4663 editionis
1459 4627 1542 4679 nuper

406 4698 432 4746 in
452 4697 535 4747 lucem
554 4698 662 4748 emissae
680 4698 806 4747 rationem
824 4698 898 4762 sequi
917 4712 1022 4747 necesse
1042 4697 1139 4761 putavi.
