3717 5575
829 616 877 705 63

286 809 477 881 accuratius
526 809 768 883 demonstrare
816 810 870 882 hic
919 833 1066 882 necesse
1110 832 1181 880 non
1228 806 1374 881 videtur.
1392 803 1417 903 ¹)

346 931 472 1005 Tertii).
498 931 550 1004 At
571 956 642 1004 non
665 928 1420 1031 solumiureexlriseffictlur‚0rphicos

286 1052 318 1124 in
345 1078 468 1126 eorum
495 1079 575 1127 esse
602 1079 763 1144 numero,
792 1080 883 1153 quos
909 1055 1032 1127 Pharo
1059 1051 1289 1149 philosophos
1316 1052 1417 1125 aesti-

287 1176 445 1263 maverit,
483 1175 540 1249 vel
573 1193 669 1250 certe
696 1178 753 1275 qui
779 1177 846 1251 hac
873 1176 1108 1274 d'uputatione
1134 1176 1200 1248 sint
1226 1174 1417 1266 tractandi3

285 1322 357 1370 non
383 1297 499 1372 solum
520 1299 554 1371 in
575 1299 808 1397 disputatione
822 1300 868 1373 de
881 1298 1103 1397 philosophia
1117 1297 1164 1371 ad
1177 1295 1419 1371 illustrandam

285 1422 495 1495 sententiam
531 1448 632 1496 suam
668 1424 772 1497 toties
806 1423 855 1496 ad
889 1421 965 1496 illos
990 1421 1134 1495 recurrit
1161 1421 1283 1493 Panto
1299 1417 1336 1516 ²),
1365 1435 1416 1510 nt,

283 1543 442 1617 iudicium
478 1560 668 1619 tractantes
702 1545 798 1643 quod
832 1546 879 1619 de
905 1545 1076 1642 prioribus
1094 1542 1317 1641 philosophis
1343 1541 1418 1616 tulit

283 1666 324 1756 is,
359 1666 474 1740 lacere
500 1693 571 1742 non
598 1669 784 1765 possimus
813 1669 894 1766 quin
920 1668 1045 1742 dehis
1072 1692 1217 1765 quoque
1244 1691 1415 1765 agamus:

282 1833 332 1842 -
369 1790 473 1886 ipse
509 1789 645 1865 Plato
682 1792 723 1864 in
755 1792 984 1889 operibus
1010 1790 1108 1864 suis
1135 1789 1316 1863 diserte
1343 1788 1417 1861 Or·

285 1912 438 2008 phicos
474 1914 588 1987 inter
622 1912 915 2011 philosophos
948 1927 1168 2001 numerat,
1196 1927 1270 1985 aut
1295 1926 1417 1984 certe

283 2059 380 2107 cum
407 2035 477 2107 his
504 2036 759 2136 coniungit
790 2036 914 2111 Affero
941 2036 1051 2110 haec:

336 2183 370 2230 a.
399 2157 601 2248 Sermones,
639 2159 673 2231 in
708 2158 899 2233 Phaedone
935 2156 1045 2247 relati,
1078 2157 1136 2254 qui
1162 2156 1209 2229 de
1236 2155 1309 2228 vita
1334 2171 1417 2252 post

285 2295 435 2352 mortem
462 2297 623 2380 agentes,
652 2281 758 2355 artius
783 2280 974 2355 cohaerent
1000 2304 1079 2352 cum
1103 2277 1166 2352 Or
1173 2277 1416 2375 phicorum

281 2400 443 2475 doctrinis
469 2419 507 2476 et
533 2401 756 2499 mysteriis,³)
785 2401 875 2476 tales
902 2402 1006 2475 fiisse
1033 2401 1199 2491 dicuntru,
1224 2397 1347 2497 quales
1368 2399 1416 2471 de

273 2523 500 2621 philosophia
522 2526 644 2600 haberi
665 2524 819 2600 solerent
836 2551 859 2598 a
872 2525 1020 2598 Socrate
1034 2524 1179 2621 eiusque
1193 2519 1375 2618 discipulis.
1387 2519 1413 2618 ⁴)

335 2648 365 2719 b.
394 2648 431 2720 ln
467 2648 596 2722 eodem
633 2647 775 2748 dialogo
784 2646 810 2745 ⁵)
845 2662 1003 2747 rogatur,
1031 2671 1149 2720 armon
1175 2645 1219 2719 sit
1245 2644 1413 2748 φιλόσοφος

332 2865 356 2929 ι)
376 2865 427 2913 Hic
446 2865 496 2913 iam
515 2863 593 2914 laudo
613 2864 766 2913 Goummn
785 2864 865 2912 verba
882 2860 1064 2928 (Griechische
1083 2860 1190 2910 Deuker
1209 2860 1244 2924 11,
1263 2875 1323 2924 pag.
1344 2857 1416 2924 328),

284 2949 342 2997 dass
361 2956 413 2998 erst
432 2949 523 2998 Platon
542 2949 585 2998 die
604 2949 631 2998 in
651 2949 710 2998 dem
729 2948 925 3012 Grundprincip
945 2947 991 2996 der
1006 2945 1110 3011 Orphik
1125 2944 1332 2995 schlummemde
1349 2945 1416 2993 Con·

283 3051 396 3100 sequena
415 3050 530 3101 gezogen
550 3037 603 3085 hat.
625 3036 665 3085 Cl.
685 3042 818 3101 praeterea
835 3035 889 3084 0.1.
908 3035 929 3083 1.
950 3050 1010 3099 pag.
1034 3047 1097 3099 1113
1116 3028 1253 3097 Sentitur,
1271 3031 1314 3080 die
1332 3030 1413 3079 Ethik

283 3121 328 3170 der
350 3123 421 3172 alten
446 3123 575 3173 Griechen
601 3123 623 3185 Ι,
641 3138 719 3187 pagg.
744 3136 788 3187 99,
817 3134 879 3187 1003
898 3122 993 3185 Diris,
1011 3119 1185 3169 Parmenides.
1205 3134 1265 3183 pag.
1285 3130 1332 3166 22:
1354 3116 1413 3181 „die

283 3209 460 3275 Vereinigung
478 3211 629 3275 orphischer
649 3208 832 3275 Apokalyptik
851 3209 898 3258 mit
913 3207 1066 3257 eleatischer
1082 3205 1226 3271 Dialektik,
1242 3203 1340 3255 welche
1357 3204 1414 3254 Pla·

282 3304 341 3346 tons
359 3297 454 3346 Grosse
472 3296 631 3347 ausmacht.‘'

327 3383 354 3449 a)
373 3384 413 3433 Cl.
439 3384 594 3435 Onrurlon.
619 3383 652 3433 ad
677 3384 742 3433 Plat.
767 3382 863 3432 Phaed.
888 3398 914 3445 p.
942 3381 1021 3444 70C:
1046 3379 1182 3440 πανταχοῦ
1204 3376 1254 3439 γὰρ
1276 3375 1416 3426 intrim

279 3466 389 3528 παρῳδιῖ
404 3469 438 3516 τὲ
454 3472 499 3517 τοῦ
519 3468 633 3531 Ὀρφίας,
653 3472 737 3520 Auel„
757 3470 882 3535 Orphica.
901 3484 961 3534 pag.
980 3477 1040 3532 245.

326 3558 506 3607 PLUTARCHUS
522 3560 614 3623 Comp.
632 3559 734 3608 Cimon.
744 3565 770 3606 et
780 3556 881 3607 Lueull.
897 3573 924 3622 p.
942 3565 1007 3620 521:
1021 3550 1125 3612 “nem
1140 3549 1248 3600 Πλάτων
1262 3549 1416 3599 ἐπισκώπτει

280 3641 339 3698 τοὺς
361 3641 415 3702 περὶ
431 3643 474 3691 τὸν
491 3642 584 3706 Ὀρφέα
601 3644 655 3698 τοῖς
672 3637 699 3691 εὖ
719 3642 850 3703 βιβιακότι
866 3638 1011 3701 Menoetae
1027 3637 1173 3688 ἀποινᾶσθαι
1189 3636 1266 3700 γέρας
1282 3634 1307 3686 ἓν
1324 3634 1414 3685 ’Ἅιδαν

282 3722 355 3783 μέθην
378 3723 481 3793 aldrici,
506 3730 589 3777 Anah.
615 3744 675 3792 pag.
699 3738 759 3789 247.
777 3727 849 3788 Quid
868 3725 900 3775 de
918 3725 1014 3774 talibus
1033 3724 1116 3774 effatis
1135 3724 1293 3774 censendum
1311 3723 1354 3788 sit,
1371 3722 1413 3772 hic

283 3828 335 3862 non
356 3829 493 3878 exponam.
513 3815 606 3865 Postea
624 3815 760 3864 Pmouts
777 3812 902 3876 locorum,
919 3812 971 3861 huc
987 3812 1182 3877 pertinentium,
1196 3811 1361 3876 gravissimos
1376 3827 1415 3861 re·

282 3901 403 3950 censebo.

326 3987 355 4051 3)
374 3986 414 4037 Cf.
439 3989 598 4037 WlLLstANN
623 3986 676 4037 o.l.
701 4002 760 4051 pag.
787 3997 834 4049 34:
859 3985 984 4050 „Plamns
1009 3984 1106 4048 Dialog
1130 3982 1237 4032 Ph'a'don
1261 3983 1330 4032 steht
1349 3999 1413 4049 ganz

279 4072 326 4121 aui
346 4073 405 4122 dem
428 4074 519 4124 Boden
542 4075 588 4124 der
612 4072 844 4139 Mysterienlehre3
869 4071 972 4121 werden
991 4070 1059 4121 doch
1078 4070 1150 4120 dorin
1170 4070 1213 4120 die
1232 4070 1353 4119 Bakchen
1373 4069 1412 4119 als

278 4157 321 4208 die
337 4159 430 4209 echten
444 4161 621 4226 Philosophen
631 4158 865 4211 charakterisiertJ‘
876 4159 949 4207 luter
957 4157 1079 4222 mysteria
1089 4164 1115 4206 et
1125 4156 1254 4221 Orphicos
1264 4156 1412 4205 discernen-

280 4245 341 4294 dum
359 4262 424 4313 esse,
443 4263 497 4297 non
516 4248 623 4314 ignor03
643 4248 689 4297 sed
708 4246 848 4296 discrimen
866 4245 916 4294 hoc
935 4244 978 4294 hic
997 4244 1064 4293 nihil
1082 4243 1116 4293 ad
1134 4259 1196 4293 rem.

322 4332 351 4399 4)
370 4334 411 4383 Cf.
436 4334 569 4385 Phaedon.
599 4336 667 4399 591⁴.
685 4332 813 4398 (PHAEDO
831 4332 974 4397 loquitur):
993 4325 1035 4377 ha
1052 4326 1081 4385 δὴ
1099 4329 1185 4377 ταῦτα
1202 4324 1271 4376 obilu
1288 4325 1353 4375 πάνυ
1371 4344 1413 4387 μοι

277 4415 381 4468 interii
403 4417 488 4483 ιῖτῇιι,
511 4419 543 4477 ὁρ
559 4417 623 4475 utute
641 4416 671 4466 ἂν
690 4416 780 4482 δόξειεν
798 4412 858 4465 ιῖναι
877 4417 980 4475 παρόντι
998 4412 1094 4464 πένθει·
1112 4411 1171 4462 otu
1186 4408 1218 4462 αὖ
1237 4411 1308 4471 ἡδονὴ
1327 4412 1365 4470 ὡς
1382 4409 1414 4462 ἓν

274 4502 459 4569 φιλοσοφία
477 4501 560 4563 ἡμῶν
576 4500 691 4557 Ἄντων,
708 4499 790 4561 ὥσπερ
808 4497 947 4559 tiridaten·
965 4495 1020 4545 καὶ
1034 4497 1094 4560 γὰρ
1109 4497 1141 4545 ol
1154 4499 1248 4559 λόγοι
1263 4495 1416 4546 τοιοῦτοί

276 4600 366 4642 τινες
382 4579 462 4640 ὅταν
479 4595 553 4634 uam.

324 4668 352 4734 5)
371 4668 401 4717 61
416 4670 445 4718 C.
