3717 5575
989 674 1038 745 34

499 850 593 924 Utut
629 864 697 941 est,
735 849 783 922 de
820 849 1001 924 eiusmodi
1030 851 1249 940 discrimine,
1279 848 1391 946 quale
1418 875 1579 925 comme·

444 973 599 1063 moravi,
621 971 773 1045 omnino
792 996 1005 1045 sermonem
1020 997 1095 1046 non
1111 997 1193 1045 esse
1208 972 1245 1045 in
1260 972 1448 1045 Pnnrorns
1463 972 1578 1070 philo·

443 1094 587 1193 sophia,
625 1094 714 1167 satis
750 1109 922 1168 constare
962 1094 1049 1167 mihi
1085 1095 1242 1169 videtur.
1279 1093 1490 1168 Genuinam
1518 1094 1581 1168 do-

443 1219 597 1292 ctrinam
636 1232 751 1314 atque
787 1215 1003 1314 opinionem
1034 1217 1178 1316 scriptis
1204 1217 1290 1308 suis,
1316 1241 1414 1314 quae
1437 1218 1486 1291 ad
1511 1241 1580 1290 nos

443 1355 697 1439 pervenerunt,
722 1338 1003 1436 comprehendit
1028 1339 1174 1433 Pulso,
1199 1363 1309 1437 quae,
1333 1337 1418 1413 licet
1442 1363 1580 1437 magna

444 1463 693 1552 contentione,
723 1486 769 1535 ex
796 1460 853 1534 his
881 1461 1058 1559 cognosci
1087 1475 1225 1558 potest,
1249 1461 1454 1535 dummodo
1477 1474 1579 1534 recta

443 1584 695 1685 cognoscendi
723 1584 783 1656 via
812 1607 855 1655 ac
884 1582 980 1656 ratio
1009 1583 1163 1658 ineatur.

504 1732 560 1783 10.
592 1708 687 1781 Cum
716 1707 765 1778 ab
793 1704 863 1777 hac
891 1719 999 1801 parte
1027 1704 1138 1802 igitur
1165 1702 1253 1777 nihil
1280 1705 1338 1795 sit,
1362 1706 1465 1801 quod
1489 1729 1579 1802 quo-

444 1831 564 1904 minus
588 1853 679 1904 vera
699 1828 887 1901 Punrorus
902 1842 1151 1924 cognoscatur
1166 1827 1349 1900 sententia
1364 1827 1500 1916 obstet,
1517 1827 1580 1899 mi·

445 1953 543 2027 nime
566 1968 692 2025 tamen
717 1973 849 2023 omnes
871 1946 1109 2021 difficultates
1123 1963 1208 2021 sunt
1222 1946 1403 2022 sublatae.
1420 1947 1577 2021 Etiamsi

444 2076 564 2174 ipsum
589 2071 754 2147 Platonis
768 2070 939 2145 iudicium
954 2071 1130 2168 cognosci
1144 2071 1274 2169 possit,
1289 2070 1363 2144 iam
1379 2072 1577 2169 quaeritur,

444 2213 566 2273 utrum
589 2211 730 2271 rectum
746 2193 878 2267 sithoc
892 2192 1064 2266 iudicium
1079 2217 1207 2267 necne.
1225 2193 1371 2288 Quodsi
1385 2218 1477 2267 vero
1492 2217 1577 2266 cum

444 2321 479 2394 in
495 2317 713 2394 definiendis
723 2315 965 2413 temporibus,
975 2311 1002 2412 ¹)
1017 2330 1096 2389 tum
1106 2316 1143 2388 in
1154 2315 1405 2389 describendis
1416 2315 1578 2412 priorum

444 2442 619 2518 doctrinis
648 2438 803 2513 multum
832 2437 901 2510 arti
929 2453 968 2511 et
996 2437 1155 2511 orationi
1182 2437 1410 2511 concessisse
1432 2437 1578 2511 videtur

334 2579 337 2585 '
445 2566 572 2639 Punro
600 2588 643 2637 ac
672 2583 942 2655 nonnunquam
971 2569 1168 2656 poctarum
1196 2561 1360 2658 quadam
1385 2585 1473 2632 usus
1495 2585 1579 2633 esse

444 2686 602 2777 licentia,
619 2709 694 2759 non
708 2681 911 2757 absurdum
925 2696 995 2772 est,
1012 2682 1113 2779 quod
1129 2681 1312 2755 interdum
1327 2681 1455 2779 quaeri
1470 2680 1576 2772 solet,

444 2838 535 2887 num
558 2836 606 2884 ex
629 2807 805 2882 Platonis
826 2806 998 2902 operibus
1020 2831 1109 2879 ocra
1122 2806 1575 2903 prae-Socraticaeplzilo·

443 2934 593 3031 sophim
619 2930 777 3030 cognitio
794 2929 882 3026 peti
893 2928 1027 3025 possit,
1053 2954 1144 3001 num
1167 2930 1299 3003 saltem
1323 2937 1418 3003 recte
1438 2930 1482 3002 de
1504 2929 1576 3002 illa

445 3058 506 3132 liic
532 3048 807 3149 iudicavistis)

445 3257 541 3324 paratis
557 3260 700 3305 narrantur.
718 3250 758 3301 Cf.
775 3264 835 3315 pag.
851 3261 867 3298 2
883 3247 944 3298 adn.
962 3257 992 3314 53
1008 3256 1141 3313 praeterea
1157 3249 1252 3299 chtt.
1269 3248 1322 3298 o.l.
1339 3263 1399 3313 pag.
1416 3255 1466 3312 275
1481 3247 1542 3298 adu.
1552 3247 1579 3314 8,

444 3346 562 3409 Zmusn,
579 3340 627 3391 Ph.
645 3340 672 3389 d.
691 3338 736 3388 Gr.
756 3338 791 3403 11,
813 3335 848 3401 1⁴,
868 3350 929 3400 pag.
949 3346 1003 3397 410
1022 3335 1082 3387 adn.
1104 3349 1129 3385 2.

489 3432 531 3481 Dc
554 3430 597 3496 iis,
615 3442 682 3493 quae
700 3425 728 3475 in
750 3425 926 3473 Dmrmmo
944 3428 971 3471 et
992 3420 1093 3473 Snouo
1111 3423 1129 3472 i.
1138 3438 1164 3471 v.
1184 3421 1311 3470 librarius
1331 3421 1509 3487 inveniuntur,
1526 3420 1578 3471 dis-

446 3526 537 3587 putare
555 3529 661 3566 necesse
680 3528 733 3561 non
749 3510 844 3560 habeo.

489 3610 531 3657 De
558 3603 636 3654 variis
662 3601 788 3651 librorum
815 3598 906 3663 pretiis
933 3598 1049 3664 denique
1074 3596 1107 3647 cl.
1132 3597 1210 3663 Bm,
1234 3611 1259 3646 o.
1275 3595 1293 3646 l.
1316 3612 1377 3663 pag.
1402 3610 1455 3662 434
1472 3598 1533 3648 adn.
1552 3611 1579 3663 4,

436 3694 675 3747 PAULY·W1ssown
692 3688 744 3759 lov.
764 3684 935 3735 Buchbandel
955 3685 1016 3751 (111.
1035 3685 1085 3734 col.
1104 3693 1155 3748 975
1175 3700 1213 3733 vs.
1231 3694 1265 3746 47
1285 3684 1367 3752 sqq.).

489 3782 562 3832 Haec
577 3777 665 3828 omnia
679 3789 738 3824 cum
753 3772 786 3822 ad
802 3773 939 3838 sequentia
954 3771 1107 3822 illustranda
1122 3785 1176 3820 non
1193 3770 1267 3835 parvi
1282 3770 1337 3821 lore
1346 3771 1470 3822 momenti
1480 3778 1578 3837 putem,

446 3869 525 3936 paulo
542 3864 648 3916 uberius
668 3859 786 3911 tractavi.
949 3910 952 3913 ¹

493 3953 518 4021 1)
543 3951 583 4002 cf.
608 3942 726 4012 Zuluun,
749 3945 815 3996 Ucb.
838 3944 864 3994 d.
889 3945 1114 3995 Anachrouismen
1142 3943 1169 3992 iu
1196 3943 1249 3992 den
1274 3943 1375 4009 platon.
1401 3944 1580 4012 Gespr‘aehen,

446 4042 516 4093 Abh.
535 4039 560 4088 d.
580 4036 648 4087 Berl.
667 4032 753 4083 Akad.
775 4029 851 4093 1873,
868 4030 1008 4096 hist.-phil.
1026 4030 1074 4096 kl,
1092 4046 1153 4095 pag.
1173 4040 1206 4094 79
1216 4045 1277 4094 sqq.

490 4128 519 4194 2)
536 4122 659 4188 Exempli
683 4134 759 4170 causa
782 4117 861 4167 affero
882 4133 999 4183 eaquae
1018 4117 1082 4167 dicit
1101 4117 1277 4166 Hsnunrtrtus
1295 4132 1320 4166 0.
1330 4116 1348 4166 1.
1368 4133 1428 4183 pag.
1447 4131 1499 4182 299
1517 4118 1578 4168 adu.

449 4223 511 4281 155:
541 4212 623 4277 „Hier
649 4205 764 4257 entstebt
791 4203 894 4254 ireilich
919 4204 963 4254 die
989 4205 1081 4269 Frage,
1105 4204 1140 4252 ob
1165 4201 1279 4252 PLA'ro‘s
1303 4203 1509 4269 Schilderungen
1533 4205 1580 4255 der

446 4301 587 4367 Sophisten
610 4303 667 4346 tren
691 4307 780 4357 seyen,
804 4291 922 4340 woruber
947 4290 1107 4341 namcntlich
1130 4289 1174 4338 die
1193 4290 1398 4342 abwcicheudeu
1417 4292 1579 4356 Meiuungen

445 4404 498 4438 von
523 4384 634 4436 Garnier
656 4382 684 4432 in
709 4380 761 4429 deu
787 4377 866 4427 Mem.
890 4376 924 4427 de
949 4377 1051 4428 l’Acad.
1076 4375 1102 4425 d.
1127 4376 1208 4424 luscr.
1227 4375 1258 4425 T.
1277 4376 1391 4443 XXXII,
1409 4394 1435 4443 p.
1458 4377 1507 4442 156
1525 4378 1580 4427 und

445 4472 610 4535 Barthtlcmy
635 4469 701 4532 Voy.
718 4464 754 4514 du
769 4463 849 4528 jeuue
868 4462 970 4513 Anach.
990 4463 1038 4513 Ch.
1059 4461 1101 4527 58,
1120 4460 1151 4511 T.
1171 4461 1219 4527 IV,
1237 4477 1264 4526 p.
1283 4460 1345 4528 285,
1363 4479 1394 4512 zu
1413 4463 1579 4529 vergleichen

445 4561 519 4625 siud;
542 4560 604 4608 aber
627 4571 657 4604 so
681 4551 775 4615 richtig
798 4548 864 4599 auch
889 4550 1021 4599 Leuterer
1040 4548 1192 4612 behauptcu
1212 4562 1281 4613 mag,
1299 4548 1359 4599 dass
1374 4550 1421 4599 wir
1436 4564 1514 4600 unser
1532 4550 1579 4601 Ur·

446 4647 510 4697 theil
519 4644 592 4695 nicht
600 4640 692 4692 dtlrfen
701 4636 783 4687 durch
792 4633 906 4685 Pmo's
915 4635 1031 4700 Bcispiel
1041 4634 1196 4685 bestimmen
1206 4633 1302 4701 lusson,
1311 4650 1341 4685 so
1351 4635 1411 4685 sind
1420 4635 1507 4685 doch''
1517 4651 1577 4701 sqq.

492 4733 533 4783 Cf.
552 4732 669 4792 Znuunn,
687 4725 733 4775 Ph.
751 4724 778 4773 d.
798 4723 843 4772 Gr.
862 4722 885 4789 1,
903 4722 933 4772 2⁵
952 4738 1013 4788 pag.
1034 4731 1109 4786 1095.
