3717 5575
981 651 1029 723 54

436 849 473 906 et
499 833 609 906 secuti
636 848 715 905 sunt
745 827 933 934 [STALLB.])
961 822 1001 914 ἦν
1031 831 1088 907 καὶ
1119 837 1236 921 Θαλῆς
1264 832 1280 905 ο’
1309 832 1482 931 Μιλήσιος,
1511 837 1569 907 καὶ

438 956 598 1047 Πιττακὸς
628 964 646 1032 ο’
678 962 911 1055 Μυτιληναῖος,
940 955 997 1030 καὶ
1027 959 1105 1043 Βίοις
1132 960 1151 1029 ὁ
1179 950 1347 1056 Πριηνεύς,
1375 960 1432 1030 καὶ
1460 954 1569 1030 Σόλων

436 1084 455 1153 o‘
478 1079 643 1182 ἡμέτερος,
666 1085 722 1155 καὶ
746 1076 947 1179 Κλεόβουλος
971 1082 989 1150 o‘
1010 1077 1156 1176 Λίνδιος,
1180 1081 1237 1151 καὶ
1261 1068 1382 1153 Μύσων
1401 1071 1570 1177 ixionis,

437 1206 495 1277 καὶ
529 1195 671 1303 ἕβδομος
705 1203 736 1275 ἐν
766 1193 888 1289 τούτοις
917 1199 1040 1300 εἱέγετο
1066 1197 1330 1300 Λακεδαιμόνιος
1354 1194 1510 1294 Χιλων,1)
1537 1199 1571 1270 in

438 1320 641 1396 Theaeteto
669 1346 756 1394 vero
784 1324 875 1416 (174
890 1320 939 1415 A)
967 1344 1046 1392 cum
1068 1319 1107 1391 iis
1130 1319 1315 1409 consertiu,
1340 1320 1406 1397 ὅσοι
1431 1322 1461 1396 ἐν
1484 1328 1570 1423 φιλο·

437 1452 532 1548 σοφίᾳ
569 1442 738 1546 διάγουσιν
767 1458 804 1515 et
830 1457 976 1539 propter
999 1442 1193 1515 communis
1219 1441 1313 1515 vitae
1339 1442 1571 1541 ignorantiam

436 1567 616 1641 hominum
642 1566 747 1638 risum
775 1561 966 1660 movent.³)

491 1689 601 1782 Quod
624 1690 652 1762 si
676 1689 724 1761 ita
747 1704 812 1776 est,
834 1686 946 1761 altera
961 1687 1174 1784 quaestionis
1187 1712 1270 1785 pars
1283 1687 1361 1761 sola
1373 1686 1572 1784 relinquitur

439 1837 535 1911 quae
557 1809 645 1883 solvi
662 1810 784 1907 possit,
799 1825 837 1883 ut
849 1808 978 1883 scilicet
993 1835 1170 1906 quosnam
1185 1810 1307 1882 Pnnno
1321 1810 1409 1883 inter
1420 1807 1571 1907 philoso

438 1935 530 2033 phos
566 1957 752 2005 numerare
788 1932 977 2005 cernendus
1011 1934 1067 2022 sit,
1104 1932 1348 2031 investigetur3
1386 1933 1572 2031 quemad

439 2057 545 2130 finem
581 2081 733 2152 pauca
764 2071 871 2128 sunt
897 2054 1098 2128 dicenda
1126 2054 1181 2128 de
1207 2055 1352 2145 mione,
1381 2080 1503 2152 quae
1530 2056 1572 2128 in

439 2177 654 2251 Platonis
680 2176 891 2277 dialogis
917 2177 1166 2251 vocabulis
1195 2203 1314 2275 quae
1336 2178 1572 2274 suntphilo-

438 2301 571 2398 sophus
597 2316 643 2373 et
661 2300 889 2396 philosophia
917 2316 989 2373 est
1015 2301 1253 2393 subiecta3
1283 2300 1328 2373 de
1358 2325 1431 2397 quo
1452 2315 1574 2374 tamen

439 2439 650 2523 argumento
675 2449 754 2495 cum
774 2438 811 2496 et
829 2422 990 2520 permulti
1010 2423 1080 2496 iam
1094 2423 1344 2520 disputaverint
1356 2424 1417 2496 viri
1431 2420 1572 2521 doctiff)

439 2572 505 2619 nec
530 2547 644 2643 ipsum
671 2571 737 2642 per
762 2571 802 2618 se
829 2544 877 2618 ad
903 2545 1043 2617 huiusce
1070 2546 1187 2642 open’s
1213 2546 1386 2642 pertineat
1406 2547 1570 2635 rationes

441 2694 485 2741 ea
512 2667 589 2742 sola
616 2669 767 2741 dicturus
794 2694 883 2758 sum,
915 2693 1009 2765 quae
1036 2667 1085 2741 ad
1109 2667 1145 2740 id
1167 2668 1266 2765 quod
1289 2669 1370 2742 mihi
1391 2670 1570 2767 proposui,

440 2790 533 2866 utilia
558 2791 632 2865 lore
658 2792 813 2864 iudicavi.

494 2914 546 2988 At
582 2938 698 3011 neque
731 2914 798 2986 hac
824 2914 959 2987 ratione
986 2914 1133 2988 multum
1159 2939 1225 2988 nos
1251 2913 1468 3011 profecturos
1494 2940 1574 2989 esse

442 3037 525 3111 satis
552 3036 691 3110 videtur
716 3037 789 3109 veri
815 3034 934 3110 simile.

495 3158 635 3233 Etenim
671 3159 851 3253 notionem
888 3160 978 3233 hanc
1013 3160 1047 3232 in
1081 3158 1184 3233 variis
1216 3158 1365 3260 dialogis
1388 3185 1468 3237 non
1494 3186 1575 3234 esse

443 3281 608 3371 eandem,
645 3280 729 3354 satis
765 3296 820 3353 ost
854 3297 996 3354 notum:
1030 3282 1126 3355 vocis
1155 3281 1372 3386 „pilooopia”
1401 3283 1453 3356 vis
1479 3283 1575 3380 apud

444 3407 644 3478 Pnnuouuu
671 3404 781 3477 modo
807 3419 908 3501 patet
930 3402 1106 3494 latissime,
1117 3405 1142 3501 ⁴)
1165 3406 1235 3479 suis
1248 3405 1372 3479 finibus
1384 3407 1577 3481 continetur

444 3527 564 3602 modo.
582 3526 607 3623 ⁶)
636 3528 825 3601 Praeterea
852 3552 938 3600 vero
966 3527 1100 3601 etiamsi
1128 3527 1335 3625 ampliorem
1360 3527 1454 3603 illam
1476 3530 1577 3630 signi-

454 3711 580 3720 —-=....
588 3709 647 3717 ⁴.-.-

493 3822 518 3889 1)
537 3821 644 3871 Obiciat
667 3821 727 3884 quis
751 3819 868 3885 fortasse,
890 3819 939 3869 hos
963 3828 1055 3884 postea
1071 3817 1135 3885 (343
1146 3819 1179 3886 B)
1197 3819 1335 3884 significari
1354 3820 1473 3869 nomine:
1492 3818 1518 3867 oi
1532 3834 1581 3866 σοι·

446 3905 512 3956 tato?
536 3908 593 3962 τῆς
616 3902 828 3967 Φιλοσοφίοςι
849 3906 899 3951 Τοῦ
916 3901 945 3960 δὴ
962 3902 1033 3951 ‘tim
1050 3906 1135 3952 ταῦτα
1152 3901 1233 3964 λέγω
1249 3902 1312 3952 Ὅτι
1329 3897 1402 3961 οὗτος
1417 3903 1431 3951 δ
1447 3904 1537 3964 τρόπος
1554 3901 1580 3961 ἦν

444 3997 495 4041 τῶν
520 3997 632 4040 ποιλοιιιῖιι
655 3993 701 4047 τῆς
723 3990 883 4052 Φιλοσοφίας,
906 3989 1070 4051 βραχυλογία
1087 4006 1127 4046 τις
1145 3990 1282 4047 nummii.
1301 3988 1386 4038 Huius
1404 3988 1476 4037 vocis
1494 3998 1579 4038 autem

447 4078 491 4126 hic
510 4077 617 4126 omnino
633 4075 710 4125 aliam
725 4090 781 4125 esse
798 4075 850 4123 vim
864 4081 944 4138 utque
953 4075 981 4123 in
991 4073 1134 4124 Theaeteto
1143 4075 1264 4124 vocabuli
1273 4075 1345 4139 quod
1354 4083 1393 4124 est
1404 4077 1581 4139 ςφιλόσσφσίζ

446 4179 523 4213 nemo
543 4163 657 4227 negabit.

491 4250 519 4317 2)
540 4250 572 4299 cf.
595 4260 644 4311 174
655 4249 685 4298 C.

494 4336 523 4403 3)
541 4335 582 4386 Cf.
603 4337 619 4385 i.
630 4352 653 4385 a.
673 4336 807 4398 Ausum,
826 4334 880 4382 Der
899 4333 1063 4398 platonische
1077 4333 1175 4398 Begriff
1185 4334 1231 4383 der
1246 4333 1424 4399 Philosophia,
1439 4349 1481 4383 am
1496 4334 1582 4398 Lysis,

449 4423 573 4487 Phadros,
602 4420 737 4471 Gastmahl
766 4435 791 4468 u.
817 4419 842 4469 d.
868 4418 976 4467 Phidon
1001 4420 1159 4485 entwickelt,
1183 4421 1224 4469 in:
1249 4421 1372 4471 Zeitschr.
1397 4420 1417 4469 ι’.
1440 4420 1536 4470 Philus.
1556 4436 1581 4468 u.

449 4509 546 4574 philos.
566 4508 665 4573 Kritik,
685 4518 727 4572 51,
748 4505 824 4571 1867,
843 4521 919 4570 pagg.
940 4515 1053 4570 29-52,
1074 4506 1220 4570 169—204.

494 4596 524 4662 4)
542 4596 583 4646 Cf.
602 4612 661 4659 pag.
683 4594 725 4660 56,
746 4593 805 4642 adn.
824 4604 839 4656 3
859 4592 916 4642 init.

496 4684 523 4750 5)
543 4683 583 4733 Cf.
603 4679 1041 4747 Usuuiwno-Hn1uzu,0.1.pag.
1061 4692 1085 4744 3.
