3717 5575
1001 646 1072 713 160

523 838 578 914 At
618 841 705 938 ipsis
741 839 863 913 verbis
899 839 1075 937 scriptum
1113 837 1259 936 legitur,
1288 838 1420 912 dixerit
1448 837 1597 936 aliquis:

467 964 549 1066 λέγει
575 965 616 1041 δέ
635 996 694 1042 που
719 966 779 1041 καί
801 958 941 1067 Ὀρφεύς.
969 962 1165 1036 Concedo:
1191 977 1357 1035 attamen
1379 986 1505 1035 nonne
1521 960 1598 1035 fieri

466 1101 604 1182 potest,
634 1101 674 1158 ut
703 1086 755 1157 ita
781 1084 966 1181 scripserit
994 1085 1120 1156 Panto
1144 1082 1282 1157 nuliam
1308 1083 1357 1157 ob
1382 1082 1493 1157 aliam
1517 1108 1598 1157 cau·

465 1233 558 1299 sam,
591 1208 657 1280 nisi
683 1208 784 1305 quod
807 1206 923 1305 vulgo
947 1207 1018 1280 hoc
1043 1207 1156 1280 modo
1180 1204 1322 1280 laudari
1346 1204 1482 1279 soleret
1507 1206 1600 1278 haec

464 1330 693 1428 theogonia?
735 1329 873 1403 Nonne
914 1330 981 1402 viri
1023 1329 1122 1403 docti
1160 1329 1221 1427 qui
1260 1330 1483 1403 arbitrantur
1521 1328 1600 1401 Ho-

406 1490 409 1495 ·
466 1477 601 1528 uanuu
637 1452 748 1526 fuisse
776 1451 928 1544 nullum,
958 1467 1084 1525 tamen
1112 1452 1294 1526 scribunt:
1330 1452 1439 1546 ,dicit
1466 1449 1598 1524 alicubi

466 1574 701 1649 Houauus?“
729 1575 816 1648 Non
842 1575 906 1648 hoc
919 1575 1098 1671 imprimis
1112 1590 1170 1648 est
1184 1574 1439 1671 quaerendum
1454 1574 1490 1647 in
1507 1574 1599 1646 Pun-

464 1722 575 1790 roua,
613 1713 734 1771 utrum
769 1699 943 1796 scriptum
978 1689 1125 1795 legatur
1151 1696 1291 1794 aliquid
1318 1723 1454 1772 necne:
1484 1697 1598 1770 immo

464 1848 555 1896 vero
593 1821 679 1895 haec
714 1837 771 1894 est
808 1821 991 1918 quaestio,
1029 1837 1163 1911 utrum,
1201 1821 1231 1893 si
1268 1819 1374 1894 aliter
1410 1820 1596 1909 sensisset,

464 1944 570 2018 aliter
610 1944 723 2016 etiam
764 1944 923 2017 scribere
960 1943 1158 2018 debuisset.
1200 1943 1331 2041 ltaque
1368 1960 1409 2017 ut
1445 1943 1595 2015 demon-

465 2082 599 2140 stretur
635 2092 682 2140 ex
719 2066 924 2149 Pnaronrs
945 2066 1120 2162 opinione
1158 2065 1402 2163 theogonium
1440 2064 1596 2162 Orpheo

464 2214 546 2262 esse
576 2189 871 2280 adscribendam,
902 2213 976 2263 non
1004 2189 1147 2279 sufficit,
1172 2205 1213 2262 ut
1237 2190 1353 2263 verba
1377 2189 1490 2262 haec:
1516 2189 1598 2292 λέγει

464 2312 505 2389 δέ
524 2342 584 2389 που
608 2319 665 2391 καὶ
689 2307 821 2416 Ὀρφεύς
835 2311 1023 2409 scripsisse
1038 2337 1123 2385 eum
1140 2313 1359 2385 ostendatur
1372 2342 1379 2384 z
1394 2338 1419 2385 n
1430 2336 1481 2385 ec
1492 2337 1513 2384 e
1524 2336 1598 2384 sse

465 2449 539 2507 est
567 2434 735 2524 etiam,
764 2450 813 2506 ut
841 2434 1233 2524 demonstretur,
1258 2459 1361 2507 eum
1385 2435 1424 2506 si
1449 2432 1600 2507 aliter

464 2557 766 2646 censuisset,
808 2556 961 2630 aliter
1002 2557 1223 2630 scribere
1266 2557 1511 2631 debuisse.
1555 2555 1598 2628 Id

465 2677 566 2775 quod
590 2677 836 2751 demonstrari
861 2703 973 2774 posse
998 2703 1118 2775 nego:
1143 2678 1279 2751 scilicet
1303 2678 1480 2775 imprimis
1504 2678 1597 2750 ratio

465 2816 522 2874 est
568 2800 742 2874 habenda
779 2826 935 2897 operum
972 2803 1160 2875 Passurus
1197 2801 1339 2876 formae
1377 2801 1597 2899 dialogicae,

464 2924 512 2996 de
549 2948 624 3021 qua
660 2924 696 2995 in
725 2924 830 2996 huius
859 2924 1119 3021 disputationis
1143 2925 1264 3023 priore
1289 2940 1396 3021 parte
1421 2924 1597 2997 diximus:

464 3071 562 3144 quae
586 3046 718 3120 imitari
742 3044 838 3120 solet
859 3048 961 3122 vitae
981 3048 1192 3122 cotidianae
1206 3071 1440 3140 sermonem,
1457 3043 1482 3142 ¹)
1498 3047 1600 3119 cuius

464 3170 501 3243 id
537 3184 594 3243 est
632 3170 833 3266 proprium,
872 3186 912 3243 ut
951 3171 1066 3244 evitet
1100 3171 1237 3261 omnia,
1268 3195 1365 3268 quae
1393 3193 1468 3242 non
1498 3166 1599 3242 aliud

464 3291 537 3365 alio
580 3293 701 3390 magis
742 3292 790 3364 ad
823 3311 1087 3390 argumentum
1125 3293 1345 3391 pertineant,
1384 3317 1432 3365 ne
1469 3335 1521 3345 -
1559 3306 1599 3365 ut

465 3416 544 3512 ipse
586 3414 714 3487 PLATo
755 3415 842 3488 dicit
882 3458 934 3469 -
975 3422 1071 3494 πλείω
1108 3415 1157 3493 uiti
1195 3416 1375 3519 ἐπιρρέοντα
1412 3412 1599 3518 καταχῶσει

465 3538 589 3639 (ἡμῶν)
620 3536 674 3613 τὸν
708 3538 743 3629 ἐξ
779 3535 887 3641 ἀρχῆς
925 3534 1072 3641 λόγον.’)
1113 3537 1185 3611 Hic
1221 3553 1349 3611 autem
1378 3553 1499 3610 utrum
1530 3533 1597 3607 Or·

464 3658 584 3756 pheus
620 3681 668 3730 an
705 3655 798 3730 alius
834 3683 964 3731 versus
1002 3660 1071 3732 hos
1107 3658 1301 3756 scripserit,
1331 3682 1470 3731 numne
1499 3657 1595 3755 quic·

464 3804 577 3878 quam
593 3778 726 3852 refert?
741 3778 891 3852 Etenim
906 3780 1112 3871 SoettATES,
1130 3781 1244 3854 Croni
1259 3797 1297 3854 et
1312 3780 1444 3853 Rheae
1458 3803 1595 3853 nomen

511 4009 537 4076 1)
554 4010 641 4059 Huius
657 4007 783 4058 sermonis
799 4008 852 4057 viru
868 4008 1022 4075 neglegunt,
1037 4011 1157 4076 quicum
1173 4009 1599 4059 An1srorauaconserentesPnn-

462 4108 568 4162 Tortanr,
593 4096 678 4144 minus
703 4092 811 4152 aptum
832 4095 902 4145 hunc
921 4111 978 4146 esse
997 4104 1119 4147 censent:
1139 4098 1185 4162 qui
1205 4104 1331 4162 quantum
1350 4095 1421 4161 apud
1439 4111 1498 4145 eum
1512 4096 1598 4145 ualeat

463 4183 545 4233 sonna
568 4182 699 4247 dialogica
722 4181 833 4247 noverit,
858 4182 901 4231 vix
925 4182 1054 4232 eiusmodi
1079 4183 1143 4249 quid
1168 4183 1276 4233 sentiet:
1300 4181 1382 4231 forma
1401 4182 1464 4231 haec
1483 4198 1537 4231 uon
1556 4197 1599 4232 ex·

463 4269 590 4319 trinsecus
615 4274 654 4318 est
679 4267 810 4332 imposita,
834 4268 871 4316 ita
893 4276 921 4317 ut
946 4269 1058 4334 singula,
1082 4271 1104 4319 si
1129 4270 1240 4333 deesset,
1265 4268 1355 4318 eadem
1379 4268 1433 4316 iere
1450 4276 1598 4318 manerent:

462 4355 542 4404 immo
566 4355 603 4404 ita
627 4354 744 4403 inhaeret
768 4353 892 4418 operibus
917 4355 982 4420 eius,
1007 4367 1034 4405 ut
1056 4356 1088 4406 ad
1107 4369 1317 4420 unamquamque
1337 4369 1420 4419 paene
1439 4353 1524 4403 dicam
1542 4369 1600 4403 sen·

463 4442 571 4492 tentiam
596 4441 738 4505 pertineat:
757 4455 811 4489 uon
830 4440 934 4506 scripsit
951 4443 1042 4493 Panto
1056 4458 1136 4509 opera
1152 4442 1310 4509 philosopha
1325 4442 1421 4506 quibus
1436 4440 1599 4506 dialogorum

462 4527 571 4576 formam
597 4526 732 4593 imposuit,
751 4525 786 4575 ita
804 4534 833 4576 ut
851 4542 934 4592 aeque
953 4530 1020 4579 bene
1038 4530 1107 4579 mitti
1125 4529 1189 4579 haec
1208 4536 1311 4594 posset3
1330 4527 1376 4576 sed
1392 4542 1480 4577 revera
1494 4527 1599 4592 scripsit

465 4615 587 4679 dialogos,
604 4614 672 4664 vitae
691 4613 839 4663 cotidianae
857 4629 1002 4664 sermonem
1021 4617 1164 4667 imitantes:
1186 4615 1258 4680 quod
1277 4614 1364 4678 ipsum
1382 4620 1422 4662 est
1440 4612 1552 4662 artificis.

509 4702 537 4765 2)
556 4700 598 4750 Cs.
617 4716 696 4766 supra
714 4715 775 4764 pag.
797 4712 854 4761 104.
