3717 5575
988 664 1061 732 116

510 853 590 927 Nec
627 879 724 951 quae
761 857 796 927 in
833 853 991 928 Timaeo
1024 856 1233 928 narravisse
1260 856 1429 928 dicuntur
1457 851 1586 927 Soloni

457 975 634 1074 Aegyptii
658 976 885 1068 sacerdotes,
897 971 924 1075 ¹)
940 978 1128 1075 quantivis
1143 979 1216 1051 sint
1232 976 1409 1049 momenti
1425 976 1506 1072 ipsa
1521 1000 1587 1072 per

452 1123 547 1188 sese,
563 1098 599 1172 in
614 1098 848 1196 philosophia
863 1100 1038 1196 equidem
1049 1099 1185 1173 relerre
1196 1100 1326 1190 ausim3
1338 1099 1477 1196 quippe
1488 1121 1586 1194 quae

453 1221 560 1316 prisci
583 1222 762 1318 temporis
785 1218 991 1319 notitiam')
1016 1222 1272 1319 potiusquam
1288 1220 1447 1294 universi
1463 1219 1585 1318 cogni·

453 1343 592 1416 tionem
608 1360 646 1417 et
660 1343 1015 1441 contemplationem
1026 1344 1238 1418 ostendant.
1255 1343 1420 1417 Omnino
1432 1342 1585 1439 Aegyp·

453 1465 587 1538 tiorum
607 1465 751 1539 indoles
772 1467 821 1540 ad
841 1466 1116 1564 philosophiam
1132 1493 1206 1540 non
1221 1465 1425 1540 admodum
1439 1465 1586 1538 videtur

452 1586 562 1661 luisse
586 1585 823 1686 propensa³):
849 1605 930 1662 utut
953 1605 1021 1679 est,
1047 1589 1173 1661 Puero
1196 1587 1329 1662 saltem
1352 1613 1480 1661 eorum
1496 1585 1584 1684 quid

453 1710 553 1804 quod
576 1710 625 1782 ad
645 1709 920 1807 philosophiam
938 1711 1122 1807 pertineat
1135 1711 1272 1785 referre
1286 1712 1348 1783 vix
1362 1710 1432 1783 dici
1447 1724 1583 1805 potest.

504 1831 788 1906 Zoroastris
824 1838 979 1935 μαγείαν,
1020 1857 1117 1929 quae
1152 1833 1282 1906 dicitur
1318 1839 1395 1909 θεον
1423 1836 1584 1934 θεραπεία,

451 1971 722 2027 commemorat
750 1947 934 2028 Alcibiad.
968 1954 982 2026 l
1018 1979 1084 2028 121
1106 1955 1137 2028 E
1162 1954 1305 2052 sqq.⁴):
1330 1950 1374 2031 εἷεν
1398 1961 1416 2029 ὁ
1438 1955 1497 2056 μὲν
1520 1983 1584 2055 μοι·

452 2090 622 2157 Erkenntnis,
640 2092 712 2141 eines
731 2090 824 2140 Gottes
843 2090 906 2139 oder
923 2092 996 2140 eines
1014 2090 1159 2154 gottlichen
1180 2090 1290 2139 Munnes
1309 2087 1435 2153 wtlrdig.”
1455 2087 1496 2137 Cf.
1513 2103 1584 2152 pree·

451 2184 521 2226 terea
530 2193 607 2243 pagg.
621 2176 680 2243 186,
693 2191 756 2244 1923
772 2177 941 2244 scemam,
950 2178 1044 2228 Gesch.
1055 2178 1080 2228 d.
1090 2178 1222 2242 Spraehw.
1233 2192 1310 2242 pagg.
1324 2186 1458 2240 125sqq.;
1471 2175 1583 2240 Rouue,

451 2264 559 2331 Psyche,
578 2281 605 2330 p.
625 2264 685 2328 285.

498 2350 524 2418 1)
542 2352 610 2402 Tim.
630 2354 698 2402 οιΑ
717 2367 777 2417 sqq.

495 2438 524 2506 2)
542 2439 583 2488 Cf.
599 2439 666 2488 Tim.
684 2451 714 2488 21
728 2439 750 2488 E
766 2452 841 2503 sqq:
860 2431 886 2484 ol
899 2433 928 2492 δὴ
946 2436 1027 2486 Σέλοιν
1043 2433 1091 2498 ’lon
1108 2433 1230 2495 πορενδοῖς
1248 2432 1343 2498 σφόδρα
1358 2450 1388 2483 τε
1401 2431 1517 2497 γονέοέαι
1526 2431 1585 2492 παρ’

447 2519 534 2580 αὐτοῖς
549 2520 658 2584 έντιμος,
674 2521 715 2571 καὶ
733 2519 763 2578 δὴ
780 2521 823 2570 nul
839 2522 878 2570 τ2ι
896 2523 1025 2570 παλαια
1041 2521 1206 2583 ἀνερατῶν
1224 2523 1283 2579 τούς
1300 2519 1418 2582 μάλιστα
1432 2519 1487 2580 τορῖ
1501 2521 1587 2567 ταῦτα

449 2609 498 2652 τῶν
520 2603 599 2666 ἱερέαν
623 2603 753 2665 ὐμποέρονς
777 2601 869 2666 σχεδδν
887 2602 946 2653 οὐτε
963 2603 1039 2653 αὐτὸν
1056 2604 1114 2657 οὐτε
1134 2605 1212 2654 ἀλλον
1229 2604 1343 2661 ’Ἕλληνα
1361 2600 1449 2653 οὐδένα
1465 2599 1535 2651 οὐδέν
1552 2600 1585 2659 ὥς

447 2686 508 2746 ’έπος
530 2687 606 2737 εἰπεῖν
628 2685 714 2737 οὐδότα
737 2686 792 2749 τερῖ
815 2692 865 2736 τῶν
882 2686 1001 2736 τοιούτοιν
1018 2685 1131 2748 ἀνενρεῖν,
1149 2688 1195 2736 καί
1207 2703 1271 2736 ποτε
1288 2687 1440 2749 προαγαγεῖν
1458 2682 1584 2746 βουληθεὶς

449 2768 542 2828 αὐτοὺς
563 2769 635 2832 περὶ
653 2774 714 2818 τῶν
732 2769 749 2818 ἀ
755 2787 767 2831 ρ
773 2770 838 2833 χαί
841 2786 877 2818 ινν
895 2767 930 2827 εἷς
949 2770 1040 2832 λόγους
1056 2772 1105 2818 τάν
1122 2765 1183 2833 τῇδε
1200 2771 1235 2818 τδι
1250 2768 1415 2832 ἀρχαιότατα
1433 2765 1516 2831 λέγειν
1534 2764 1585 2815 ὐπι-

440 2854 541 2916 χειροῖν,
559 2852 614 2913 περὶ
630 2849 754 2912 Φορανέιις
772 2868 802 2900 πε
818 2854 864 2900 τοῦ
881 2850 980 2911 πρώτον
998 2849 1133 2913 λεχθέντος
1148 2851 1190 2900 καὶ
1204 2853 1305 2913 Νιέβλς,
1320 2852 1363 2900 καῖ
1375 2853 1443 2912 μετα
1452 2851 1584 2898 τδνιιατα·

448 2937 560 2996 αλιισμδν
582 2930 614 2983 αὐ
638 2933 693 2994 περὶ
715 2934 884 2989 Δονιεαλῖιινος
907 2932 950 2981 καῖ
971 2932 1069 2994 Πύρρας
1087 2932 1118 2990 οὓς
1136 2931 1274 2996 διεγένοντο
1292 2933 1448 2995 μυθολογεῖν,
1465 2931 1507 2980 καὶ
1523 2931 1584 2987 τούς

449 3015 476 3085 ῖξ
491 3015 573 3067 αὐτῶν
589 3017 756 3080 γενεαλογεῖν,
773 3014 816 3064 καὶ
829 3016 864 3063 τα
878 3019 928 3063 τάν
944 3013 1005 3063 ῖτῶν
1021 3013 1069 3063 ὅσα
1084 3011 1111 3072 ἦν
1120 3010 1156 3072 οἷς
1164 3013 1241 3078 έλεγε
1249 3014 1378 3077 πειρᾶσθαι
1387 3009 1584 3073 διαμνημονεύων

446 3100 507 3157 τούς
524 3100 626 3162 χρόνους
643 3096 765 3159 ἀριθμεῖν·
784 3097 830 3145 rra!
844 3114 901 3145 τινα
918 3095 994 3146 εἰπεῖν
1012 3101 1062 3145 τάν
1079 3095 1159 3158 ἱερέαν
1177 3092 1204 3146 εὐ
1220 3095 1293 3157 μάλα
1308 3098 1429 3146 παλαιόν·
1447 3096 1487 3144 Ὦ
1495 3097 1584 3155 Σέλοιν,

447 3185 535 3239 Σέλειν,
552 3181 673 3238 Ἕλληνος
690 3178 730 3228 ἀοῖ
746 3177 833 3236 παῖδές
850 3178 918 3236 ὐστε,
936 3177 1013 3241 γέρον
1030 3176 1058 3227 δδ
1074 3178 1170 3236 ’Ἕλλην
1185 3176 1229 3228 οὐκ
1243 3177 1321 3228 έστιν.
1336 3177 1446 3236 έιαούσαη
1459 3173 1509 3234 οὐν,
1517 3182 1582 3234 Πῶς,

447 3267 478 3314 τέ
491 3266 567 3313 τοῦτο
585 3263 683 3326 λέγοιμ
699 3260 782 3323 φέναι.
799 3259 860 3309 Νίοι
877 3258 948 3317 ὐσπέ,
965 3260 1049 3318 εἰπεῖν,
1065 3262 1114 3316 τας
1131 3260 1221 3324 ψυχας
1238 3260 1343 3319 τάντος·
1361 3259 1517 3321 οὐδεμίαν
1533 3260 1583 3322 γὰρ

447 3344 473 3397 iu
497 3344 589 3403 αὐταῖς
612 3343 692 3407 ’έχετε
717 3341 753 3391 δι’
778 3341 924 3405 ἀρχαέαν
950 3341 1047 3399 ἀκοὴν
1073 3344 1218 3392 ταλαιδιν
1240 3341 1335 3410 δέξαν
1357 3340 1430 3391 οὐδδ
1453 3340 1583 3403 μάέημα

447 3431 549 3492 χρένηι
577 3428 689 3476 πολιὸν
718 3422 807 3474 οὐδδν
830 3435 918 3480 ιι.τ.λ.;
941 3428 996 3476 iure
1021 3436 1106 3477 autem
1131 3443 1188 3477 mea
1212 3428 1318 3493 quidem
1342 3429 1468 3493 opinione
1492 3433 1581 3476 contre

449 3516 616 3582 Asmuuffl.
627 3517 658 3566 L.
668 3532 693 3565 u.
704 3514 775 3563 Schr.
792 3530 852 3578 pag.
869 3514 934 3581 370)
949 3529 1053 3563 censere
1066 3513 1169 3564 videtur
1178 3516 1354 3565 Hnumuuus
1363 3515 1400 3581 (o.
1410 3516 1428 3564 1.
1439 3531 1498 3580 pag.
1511 3513 1581 3580 113),

449 3619 503 3654 non
526 3604 605 3653 licere
628 3603 728 3651 efficere
753 3601 894 3666 quicquam
919 3616 950 3649 ex
974 3600 1015 3649 his
1039 3601 1109 3664 quod
1132 3600 1165 3650 ud
1183 3601 1382 3666 cosmologiam:
1403 3601 1489 3665 „deno
1510 3600 1581 3650 diese

449 3691 502 3758 [die
512 3689 726 3756 philosophische
736 3686 947 3752 Kosmologie],”
957 3687 1053 3753 inquit,
1064 3687 1122 3752 „leg
1131 3687 1199 3736 doch
1207 3687 1346 3751 jedenlalls
1356 3690 1420 3738 tiber
1429 3688 1472 3737 die
1479 3688 1579 3738 Grinze

447 3776 664 3844 geschichtlicher
683 3775 883 3838 Erinnerungen
902 3772 1029 3822 hinausl’'

493 3865 614 3914 Ceterum
626 3864 677 3913 iem
688 3870 748 3911 ante
755 3861 907 3910 nmmum
917 3860 1107 3924 Aegyptiorum
1117 3860 1239 3910 historiae
1245 3861 1323 3911 fidem
1329 3869 1355 3910 et
1361 3877 1444 3911 rerum
1451 3869 1580 3925 gestarum

447 3952 625 4017 cognitionem
646 3949 736 4000 laudat
757 3949 928 3997 Hunooo‘rus
945 3948 980 4013 11,
999 3958 1046 4010 77:
1073 3942 1160 3994 Αὐτῶν
1179 3942 1206 3993 δέ
1224 3943 1252 4002 δη
1269 3943 1416 4007 Αδγιιτπέιιν
1430 3944 1455 3993 οἳ
1468 3944 1513 4006 μέν
1528 3943 1584 4005 περὶ

445 4037 491 4094 τὴν
515 4033 673 4097 σπειρομένην
697 4030 828 4094 Α’έγιιπτον
848 4029 964 4087 οὐαέονσε,
981 4029 1076 4091 μνήμην
1094 4030 1220 4092 ἀνθρώπων
1238 4031 1336 4081 πάντοιν
1353 4028 1518 4088 ἐπασκέοντες
1536 4030 1584 4092 μά·

445 4129 525 4168 λιστα
547 4117 706 4181 λογιώτατιέ
724 4116 797 4184 („die
821 4116 1144 4181 geschichtskundigsten'¹
1171 4117 1254 4167 ὅτινα
1279 4134 1302 4167 a.
1318 4117 1349 4183 l.)
1366 4114 1415 4165 οῖσι
1433 4119 1516 4177 μακρῷ
1534 4120 1582 4163 τῶν

445 4206 497 4268 έγδι
515 4200 540 4261 ie
557 4202 682 4264 διάπειραν
699 4200 831 4260 ἀπικόμην.
849 4203 889 4252 Cf.
910 4203 960 4269 111,
979 4216 1003 4252 2.

493 4293 521 4360 3)
539 4293 580 4343 Cf.
598 4291 837 4342 Pium-wtssown
855 4290 873 4338 i.
883 4306 907 4338 v.
928 4290 1058 4355 Aigyptos
1076 4291 1137 4340 coll.
1156 4304 1207 4355 992
1223 4308 1293 4358 sqq.‚
1308 4308 1322 4341 e
1337 4292 1432 4356 quibus
1444 4289 1579 4339 sacilehoc

447 4382 562 4430 efficitur.
587 4381 639 4429 Hic
663 4394 723 4428 vero
748 4375 891 4426 tenendum
914 4385 963 4442 est,
988 4392 1011 4426 e.
1021 4393 1046 4442 g.
1074 4393 1114 4443 ea,
1138 4393 1205 4442 quae
1229 4380 1257 4427 in
1276 4380 1384 4428 Timaeo
1402 4386 1579 4442 exponuntur,

445 4468 606 4517 sacerdotum
631 4464 786 4531 sapientiam
812 4477 883 4528 esse3
908 4471 935 4512 at
959 4462 1035 4512 facile
1054 4463 1216 4528 intellegitur
1232 4465 1340 4514 omnino
1359 4480 1412 4513 non
1432 4479 1534 4528 semper
1553 4462 1581 4511 id

446 4554 518 4617 quod
537 4554 569 4602 de
588 4551 702 4603 universi
721 4549 814 4615 populi
833 4549 922 4598 indole
942 4549 1051 4615 dicatur,
1066 4551 1094 4600 in
1111 4551 1228 4615 singulos
1243 4552 1288 4617 qui
1299 4551 1421 4601 adtalem
1431 4550 1580 4615 pertineant

446 4640 583 4705 populum,
599 4640 692 4703 valere,
709 4637 806 4686 nedum
815 4636 841 4684 in
854 4636 1009 4702 sacerdotes,
1020 4638 1065 4701 qui
1075 4638 1271 4702 omnitempore
1281 4639 1412 4704 sapientes
1422 4636 1579 4687 sinthabiti.

489 4728 518 4794 4)
538 4728 577 4776 Cf.
599 4728 757 4775 Wuaunuu
777 4724 828 4775 o.l.
848 4739 907 4787 pag.
927 4736 968 4787 73.
989 4726 1082 4789 Agitur
1100 4724 1133 4773 de
1149 4725 1281 4774 Persanun
1297 4727 1364 4791 regis
1380 4726 1516 4791 pueris-
1532 4726 1581 4773 im·
