3717 5575
804 730 846 802 51

260 906 502 1005 philosophiae
527 907 657 1004 scripta
682 924 764 981 sunt
790 909 970 981 thouis
997 933 1126 1004 opera:
1157 905 1307 981 multum
1329 908 1392 981 arti

261 1045 299 1103 et
332 1030 478 1104 orationi
513 1055 597 1103 eum
629 1030 844 1104 concessisse
870 1056 980 1128 supra
1006 1031 1076 1104 iam
1102 1030 1258 1104 diximus.
1288 1030 1393 1103 Viam

260 1169 382 1226 tamen
408 1170 445 1227 et
470 1152 653 1243 rationem,
675 1178 770 1250 quae
792 1154 826 1226 in
846 1154 1002 1250 priorum
1022 1153 1257 1227 doctrinarum
1277 1153 1393 1250 dispu-

261 1275 394 1349 tatione
421 1292 516 1350 esset
537 1275 733 1372 sequenda,
757 1292 852 1349 recte
875 1276 1047 1366 indicavit,
1062 1301 1257 1373 earumque
1271 1275 1394 1349 doctri-

262 1422 388 1472 narum
414 1424 591 1472 summam
619 1398 667 1472 ad
692 1398 856 1472 historiae
883 1398 991 1472 fidem
1017 1398 1169 1472 scribere
1191 1398 1333 1473 studere
1354 1423 1394 1471 se

264 1521 443 1617 professus
469 1537 535 1595 est.

321 1790 354 1861 3.
385 1764 622 1859 Quaeritur
653 1764 825 1855 deinde,
853 1765 906 1838 de
933 1765 1092 1863 quibus
1118 1764 1396 1863 philosophis

264 1887 326 1961 sit
350 1886 670 1987 indagandum
696 1887 798 1985 quid
824 1887 986 1961 iudicet
1013 1889 1135 1961 Pharo
1157 1888 1197 1961 in
1220 1888 1396 1985 scriptis

265 2010 371 2085 suis.
402 2010 506 2104 Quae
533 2009 693 2109 quaestio
719 2008 884 2083 difficilior
905 2025 971 2099 est,
994 2035 1101 2107 quam
1124 2011 1237 2108 primo
1251 2020 1406 2107 aspectu

259 2132 354 2206 sorte
375 2131 544 2206 videatur.
571 2131 698 2228 Capite
718 2131 832 2228 primo
845 2132 916 2204 iarn
929 2131 1090 2222 diximus,
1105 2132 1152 2205 ad
1165 2158 1246 2206 eam
1261 2130 1396 2205 solven-

265 2256 350 2329 dam
372 2280 464 2351 opus
486 2280 578 2345 esse,
592 2269 631 2327 ut
644 2279 824 2351 quaenam
838 2253 936 2351 apud
949 2255 1147 2328 Prummu
1153 2254 1398 2352 philosophare

266 2378 361 2452 notio
394 2393 564 2466 occurrat,
598 2376 837 2476 investigetur.
867 2376 1009 2475 Nempe
1036 2378 1064 2451 si
1090 2377 1283 2476 respondet
1308 2376 1396 2474 quis,

266 2500 311 2573 de
338 2499 499 2574 omnibus
526 2524 607 2572 esse
634 2498 831 2589 dicendum,
859 2524 950 2597 quos
976 2525 1042 2573 nos
1064 2500 1159 2574 hisce
1180 2500 1399 2597 temporibus

265 2623 298 2695 in
324 2621 683 2720 prae-Socraticorum
709 2620 998 2719 philosophorum
1020 2648 1167 2697 numero
1189 2622 1397 2710 habeamus,

265 2770 335 2820 non
357 2745 499 2820 omnino
520 2759 617 2819 recte
638 2743 853 2842 respondere
877 2744 906 2819 is
927 2743 1074 2836 videtur,
1099 2771 1178 2819 cum
1192 2770 1215 2819 a
1228 2746 1399 2818 Pnntouu

266 2866 556 2966 proficiscendum
594 2866 677 2940 mihi
715 2892 796 2941 esse
835 2868 949 2966 primo
984 2867 1125 2942 huiusce
1161 2867 1400 2966 disputationis

268 2990 383 3088 capite
425 2990 612 3063 indicatum
653 2989 707 3078 sit,
750 2990 891 3063 minime
934 3016 1021 3064 vero
1061 3006 1208 3081 constet,
1251 2990 1400 3063 eosdem

267 3111 360 3186 illum
382 3112 470 3186 inter
490 3109 721 3209 philosophos
742 3137 927 3186 numerare
949 3138 1039 3209 quos
1056 3139 1133 3203 nos,
1153 3129 1214 3186 aut
1232 3113 1398 3200 omnium,

269 3260 359 3331 quos
379 3232 609 3332 philosophos
631 3233 776 3323 dturerit,
800 3232 893 3307 illum
911 3235 1090 3332 inscriptis
1103 3237 1173 3308 suis
1187 3235 1400 3309 mentionem

269 3356 395 3431 [acere.

324 3479 469 3569 Contra,
506 3504 570 3552 eos
605 3476 701 3552 solos
736 3494 899 3567 tractare,
928 3506 1021 3577 quos
1046 3481 1249 3554 nominatim
1277 3479 1402 3553 aflerat

269 3603 404 3691 Pmro,
427 3626 546 3698 neque
568 3601 637 3674 hoc
654 3599 787 3692 sufficit,
803 3627 882 3674 cum
896 3618 935 3675 ut
947 3601 1113 3699 exemplo
1126 3618 1215 3693 utar,
1239 3601 1400 3698 Pytha·

268 3724 403 3825 gorei
437 3724 495 3796 vix
534 3722 583 3796 ab
618 3749 664 3797 eo
700 3724 930 3814 nominentur,
962 3725 1088 3799 horum
1114 3750 1201 3798 vero
1228 3724 1401 3797 doctrinas

268 3846 409 3944 saepius
434 3861 582 3943 spectet.

322 3968 399 4043 Nec
426 3967 619 4042 audiendus
640 3983 696 4042 est
720 3967 852 4042 Gnoau
875 3992 948 4041 vnu
970 3970 1205 4060 Purusruaun,
1220 3969 1289 4066 qui,
1305 3987 1399 4067 post·

270 4117 377 4190 quam
412 4091 445 4163 in
481 4091 596 4188 priore
627 4089 701 4164 libri
727 4091 778 4164 sui
804 4107 907 4188 parte
934 4118 1070 4182 omnes,
1100 4119 1191 4190 quos
1217 4093 1401 4166 Socratem

271 4229 389 4287 aetate
404 4213 634 4287 antecessisse
647 4228 760 4310 putat,
774 4214 972 4310 promiscue
986 4216 1146 4288 tractavit
1158 4213 1400 4312 philosophos

270 4337 459 4435 sapientes,
486 4345 626 4432 poetas,
654 4333 752 4425 alios,
781 4335 814 4409 in
842 4334 982 4410 alterius
1008 4337 1117 4434 partis
1138 4337 1254 4434 capite
1275 4336 1400 4433 primo,

271 4484 342 4557 quo
378 4458 425 4532 de
451 4455 674 4554 plzz‘losoplzir
700 4458 865 4554 disputat,
895 4459 1085 4556 separatim
1113 4458 1295 4558 agendum
1322 4484 1402 4531 esse

271 4596 391 4655 censet
417 4579 464 4653 de
490 4579 686 4668 Socraticis,
711 4579 757 4654 de
780 4580 1023 4681 Pythagoreis,
1048 4580 1093 4654 de
1107 4579 1280 4670 Eleaticis,
1295 4607 1402 4678 quan·

271 4703 463 4802 doquidem
489 4703 524 4775 hi
550 4702 705 4776 Socratis
726 4718 764 4776 et
785 4701 938 4777 Platonis
951 4719 1071 4779 aetate
1084 4705 1238 4778 maxime
1251 4705 1403 4804 insignes
