3717 5575
958 639 1006 729 38

473 859 529 928 13.
557 834 599 908 C.
630 834 774 928 Quod
803 833 862 906 ad
891 833 1174 905 universam
1198 832 1545 929 quaestionem

413 958 574 1054 denique
611 958 712 1031 iuxta
749 956 785 1029 id
823 955 926 1053 quod
964 970 1155 1053 postremo
1187 954 1446 1047 animadverti,
1476 955 1548 1030 hoc

413 1080 611 1177 praecipue
640 1078 911 1177 providendum
937 1077 1025 1150 mihi
1049 1076 1207 1166 videtur,
1233 1101 1280 1150 ne
1303 1091 1369 1150 aut
1392 1093 1548 1151 externa

413 1200 578 1298 quadam
592 1201 716 1299 specie
731 1200 960 1289 inducamur,
977 1214 1018 1273 ut
1031 1199 1126 1272 inter
1137 1199 1346 1272 Pnnronunt
1358 1214 1396 1274 et
1405 1200 1548 1296 priores

414 1321 688 1397 similitudinem
717 1321 881 1420 aliquam
910 1322 989 1395 sive
1018 1346 1154 1395 nexum
1182 1335 1221 1394 et
1247 1321 1547 1396 convenientiam

414 1461 633 1538 statuamus,
663 1462 728 1519 aut
755 1446 832 1519 iure
861 1459 1003 1519 statuto
1026 1442 1090 1518 tali
1114 1468 1311 1535 consensu,
1337 1444 1547 1518 necessario

414 1592 461 1641 ex
488 1567 544 1640 his
572 1566 673 1641 illum
701 1567 868 1641 hausisse
896 1565 1172 1640 concludamus.
1206 1565 1306 1640 Nam
1331 1591 1415 1639 cum
1440 1565 1546 1640 sacile

416 1689 493 1763 fieri
530 1691 657 1787 possit,
696 1705 736 1764 ut
773 1690 893 1787 primo
931 1689 1082 1786 quidem
1111 1688 1245 1762 obtutu
1273 1688 1547 1763 similitudinem

416 1810 579 1910 aliquam
618 1812 751 1886 adesse
786 1828 971 1910 putemus,
1001 1811 1136 1885 deinde
1165 1826 1291 1885 autem
1320 1812 1394 1885 acri
1423 1812 1549 1885 animo

415 1951 455 2009 et
488 1949 633 2009 attento
670 1936 868 2026 intuentes,
898 1950 964 2007 aut
991 1934 1143 2007 omnino
1171 1958 1245 2007 non
1275 1949 1404 2007 extare
1433 1932 1546 2027 illam,

416 2072 481 2130 aut
508 2073 585 2131 tam
614 2082 851 2131 communem
880 2082 923 2131 ac
952 2056 1076 2129 tritam
1100 2081 1182 2130 esse
1206 2057 1490 2153 comperiamus,
1507 2072 1548 2131 ut

417 2178 540 2277 colligi
569 2180 654 2253 inde
678 2180 882 2278 quidquam
906 2204 981 2252 non
996 2178 1118 2269 liceat,
1134 2222 1185 2233 —
1201 2193 1280 2253 tum
1295 2205 1387 2253 vero
1402 2180 1546 2254 etiamsi

420 2302 497 2375 iure
531 2300 729 2376 similitudo
757 2302 804 2376 sit
831 2317 984 2392 statuta,
1014 2302 1165 2375 omnino
1193 2326 1268 2376 non
1297 2302 1462 2399 sequitur
1489 2327 1550 2375 ne·

418 2424 589 2514 cessario,
615 2439 655 2497 ut
678 2449 724 2497 ex
749 2424 930 2520 prioribus
955 2423 1081 2497 Pnnro
1096 2423 1271 2514 hauserit,
1287 2449 1371 2497 cum
1386 2438 1424 2498 et
1438 2423 1497 2497 hic
1511 2439 1550 2498 et

420 2545 468 2619 illi
491 2547 627 2620 eodem
655 2545 756 2619 sonte
779 2546 886 2619 nobis
909 2546 1039 2643 ignoto
1064 2546 1118 2619 usi
1139 2571 1222 2620 esse
1243 2547 1395 2644 possint.
1422 2547 1548 2642 Quam

419 2670 469 2741 ob
496 2694 647 2741 causam
676 2667 811 2742 multas
837 2669 931 2743 haec
955 2693 1106 2766 quoque
1129 2693 1188 2742 res
1211 2668 1327 2743 habet
1345 2670 1547 2743 cautiones.

478 2907 535 2976 14.
565 2883 630 2956 lli.
661 2883 805 2956 Omnes
841 2883 910 2956 has
942 2882 1176 2957 difficultates
1203 2884 1333 2971 evitari
1361 2899 1427 2958 aut
1454 2884 1549 2957 vinci

419 3029 494 3078 non
523 3030 645 3102 posse,
675 3004 780 3079 facile
809 3004 1044 3103 intellegitur.
1076 3002 1281 3078 Multum
1305 3020 1469 3079 tamen
1492 3006 1550 3080 ad

419 3151 498 3200 eas
534 3125 849 3202 sublevandas
885 3144 1006 3201 recta
1042 3126 1114 3201 via
1142 3152 1191 3200 ac
1218 3127 1330 3201 ratio
1354 3127 1548 3225 proficit.

421 3248 482 3322 De
505 3274 580 3346 qua
604 3275 701 3347 quae
725 3250 799 3323 iam
823 3250 981 3324 dicenda
1005 3265 1123 3340 erunt,
1148 3249 1275 3346 paucis
1294 3246 1550 3324 absolvuntur.

479 3367 523 3443 1⁰.
547 3371 589 3443 ln
605 3372 816 3445 universum
831 3371 1109 3445 assentiendum
1124 3387 1182 3445 est
1195 3370 1361 3445 B'ocmm
1375 3371 1511 3445 verbis:
1523 3367 1550 3469 ¹)

426 3492 522 3586 ,Die
560 3491 784 3568 Geschichte
822 3495 888 3568 der
916 3492 1155 3591 Philosophie
1181 3493 1249 3567 hat
1276 3494 1386 3569 keine
1413 3494 1553 3569 andere

420 3614 600 3689 Methode
628 3615 683 3689 als
711 3616 770 3690 die
796 3615 1021 3691 Geschichte
1045 3614 1293 3714 iiberhaupt.’'

421 3845 583 3896 gegossenen
610 3828 756 3880 Liehtleins
784 3830 848 3879 tiber
873 3829 919 3879 das
944 3828 1106 3894 ehrwiirdige
1132 3829 1241 3879 Dunkel
1265 3831 1343 3879 einen
1369 3829 1556 3895 zweideutigen

424 3917 608 3982 Flackerglanz
626 3933 657 3966 zu
675 3916 832 3966 verbreiten.
851 3916 887 3966 Es
905 3915 971 3965 wird
990 3916 1063 3965 nicht
1081 3916 1230 3983 geleugnet,
1249 3916 1308 3966 dass
1326 3931 1354 3966 es
1372 3917 1438 3983 hier,
1456 3916 1510 3967 und
1526 3932 1556 3967 so

422 4007 450 4055 in
474 4004 578 4055 antiker
601 4003 719 4067 niciam
742 4019 775 4053 an
800 4003 887 4052 vielen
912 4002 1021 4068 Stellen,
1045 4003 1089 4052 ein
1113 4002 1227 4053 Tiefstes
1251 4003 1306 4053 und
1323 4004 1414 4053 Bestes
1432 4004 1492 4070 gab,
1509 4003 1556 4054 des

421 4107 527 4141 unserer
551 4090 726 4140 Erkenntniss
749 4089 804 4139 sich
829 4089 952 4139 entzieht.
977 4089 1049 4139 Aber
1072 4088 1119 4139 dns
1143 4089 1315 4141 aul'klhrende
1341 4090 1425 4156 Wort,
1448 4090 1557 4140 niemrds

424 4177 630 4243 auigezeichnet,
651 4177 686 4226 ist
709 4192 759 4225 uns
778 4175 905 4225 verloreu,
924 4177 1016 4225 Besser
1033 4175 1072 4226 als
1091 4175 1119 4225 in
1137 4176 1281 4226 modemen
1300 4176 1494 4241 Schlagworten
1512 4178 1556 4228 ein

423 4264 545 4330 Surrogat
570 4279 601 4312 zu
619 4262 727 4329 suchen,
744 4264 778 4312 ist
797 4261 839 4312 die
859 4262 985 4311 schlichte
1005 4262 1177 4327 Hinsteliung
1195 4262 1242 4312 der
1260 4279 1309 4312 uns
1328 4262 1481 4313 bekanuten
1499 4269 1556 4313 iius·

423 4365 498 4400 seren
523 4349 739 4415 Erscheinungen
764 4348 939 4414 griechischer
964 4349 1151 4414 Friimmigkeit
1176 4349 1204 4398 in
1222 4349 1269 4399 der
1287 4349 1458 4399 scheinbaren
1479 4351 1556 4400 Kclte

422 4436 492 4486 ihrer
524 4434 790 4485 Thatstichlichkeit.”
819 4435 845 4484 ls
872 4434 918 4500 qui
947 4435 1011 4484 sciet
1038 4450 1117 4499 quam
1145 4442 1200 4484 arte
1227 4435 1491 4500 prae-Socraticorum
1518 4451 1556 4485 sa·

424 4522 524 4588 pientia
551 4531 578 4572 et
603 4522 772 4587 philosophia
799 4521 935 4571 Phnoum
958 4537 1016 4570 cum
1041 4521 1167 4587 religione
1193 4521 1357 4589 cohaereant,
1375 4523 1404 4572 in
1422 4530 1557 4588 utramque

425 4610 529 4674 egregie
548 4608 640 4658 cadere
658 4610 723 4659 haec
741 4610 846 4658 Romul
865 4610 943 4658 verba
962 4608 1075 4658 libenter
1092 4609 1226 4659 concedet.

474 4695 500 4762 1)
519 4695 664 4761 Encyclop.
683 4711 743 4762 pag.
765 4694 825 4761 585.
