3717 5575
991 587 1015 652 6

440 806 596 853 »warum
622 779 715 853 nicht
736 779 887 854 wolltest
908 779 955 852 du
977 778 1029 851 ihr
1050 776 1137 867 Bild,
1158 776 1407 877 abgespiegelt
1428 777 1566 877 ingiitt·

441 900 568 975 »ficher
580 903 728 976 M'anner
743 902 855 992 Geist,
870 902 933 976 mit
946 902 1035 976 Lust
1046 901 1117 974 und
1133 901 1273 974 Genuss
1282 900 1483 974 beschauen
1493 899 1530 972 ?’'
1542 896 1566 996 ¹)

485 1021 621 1120 Haec²)
656 1025 684 1098 si
720 1023 797 1098 sola
832 1024 1098 1121 responderem,
1135 1022 1341 1096 sufficerent.
1381 1023 1433 1096 At
1467 1021 1568 1119 plura

432 1148 563 1222 habeo,
585 1147 727 1245 Nempe
741 1173 822 1221 eum
836 1172 881 1221 ea
895 1147 1021 1221 mentis
1033 1147 1211 1219 humanae
1223 1145 1276 1218 vis
1288 1162 1396 1242 atque
1409 1143 1566 1233 facultas,

430 1271 653 1367 phantasiam
681 1296 789 1368 quam
815 1271 943 1360 dicunt,
972 1295 1043 1367 qua
1068 1267 1217 1368 singula,
1246 1293 1339 1365 quae
1365 1266 1566 1341 tradiderint

432 1409 584 1483 veteres,
607 1393 841 1490 disquisitione
865 1393 1030 1489 probata,
1054 1391 1102 1465 ita
1116 1389 1258 1487 copulet
1271 1406 1379 1487 atque
1393 1402 1565 1477 conectat,

431 1514 549 1612 itaque
575 1516 662 1588 inter
688 1539 769 1588 sese
796 1515 1000 1614 coniungat,
1024 1529 1062 1587 ut
1083 1538 1129 1587 ex
1150 1510 1291 1612 singulis
1313 1511 1375 1586 illis
1395 1508 1568 1609 particulis

431 1635 544 1711 solida
566 1637 743 1734 quaedam
765 1653 802 1711 et
824 1662 994 1734 expressa
1007 1635 1275 1733 praeteritorum
1289 1634 1425 1735 effigies
1439 1634 1567 1708 oriatur

431 1775 539 1857 atque
566 1760 699 1859 imago,
728 1757 796 1834 alia
822 1758 907 1849 aliis,
936 1804 987 1813 —
1015 1785 1095 1832 cum
1117 1759 1219 1848 haec,
1243 1758 1396 1856 inquam,
1421 1756 1567 1831 facultas

431 1883 509 1979 ipsa
541 1907 607 1979 per
642 1907 682 1956 se
718 1883 842 1956 mirum
878 1897 1048 1980 quantum
1074 1879 1194 1954 valeat
1220 1880 1268 1954 ad
1293 1905 1418 1953 veram
1445 1880 1567 1977 prioris

431 2004 511 2079 aevi
546 2004 737 2094 hominum,
775 2030 903 2094 rerum,
940 2005 1105 2078 scientiae
1141 2003 1370 2077 adferendam
1402 2003 1566 2103 cognitio·

431 2151 526 2216 nem,
554 2152 712 2200 -cum
740 2152 848 2223 porro
876 2126 1003 2200 summi
1030 2125 1189 2199 homines
1215 2142 1252 2199 et
1279 2126 1432 2198 maxima
1460 2150 1565 2222 quae·

431 2274 501 2347 que
532 2249 682 2349 ingenia,
715 2274 855 2323 summa
885 2248 1070 2346 phantasia
1102 2246 1387 2345 amplissimaque
1407 2248 1566 2345 praediti,

431 2370 588 2446 facillime
611 2387 647 2445 et
669 2372 926 2446 accuratissime
949 2372 1163 2471 cogitatione
1181 2397 1238 2445 res
1250 2372 1445 2470 depingant
1458 2388 1566 2469 atque

428 2510 704 2591 repraesentent,
742 2495 905 2591 sequitur,
940 2511 978 2568 ut
1004 2519 1097 2590 quae
1123 2473 1176 2566 de⁸
1196 2494 1392 2590 praeteritis
1417 2493 1566 2567 iudicent

427 2614 483 2704 illi,
512 2617 618 2689 etiam
645 2615 673 2688 si
696 2641 718 2689 a
740 2616 889 2690 veritate
910 2616 1083 2691 interdum
1106 2616 1331 2705 abhorreant,
1346 2632 1383 2690 et
1396 2642 1481 2689 vera
1494 2617 1565 2690 iam

428 2739 496 2813 sint
541 2754 695 2836 reperta,
738 2739 929 2813 maximum
970 2755 1090 2814 tamen
1131 2739 1178 2814 ad
1218 2738 1438 2813 efficiendam
1478 2756 1564 2814 tem·

428 2861 523 2957 poris
550 2860 617 2934 acti
639 2861 833 2957 perfectam
858 2878 966 2959 atque
989 2861 1190 2936 absolutam
1203 2862 1394 2962 imaginem
1408 2888 1565 2936 momen·

428 3000 503 3057 tum
538 2984 707 3073 habeant,
744 2984 896 3081 ideoque
932 2983 1067 3081 plurimi
1103 2985 1170 3059 sint
1196 2986 1356 3058 facienda
1383 3002 1420 3059 et
1446 2986 1566 3059 dedita

429 3130 541 3202 opera
568 3105 783 3203 quaerenda,
813 3105 945 3203 quippe
968 3107 1026 3203 qui
1048 3106 1191 3180 videant
1213 3131 1306 3203 quae
1328 3132 1399 3180 non
1421 3106 1567 3180 viderint

431 3226 497 3317 alii,
535 3227 592 3325 qui
618 3226 745 3327 ingenii
772 3227 823 3300 sui
851 3226 979 3301 lumine
1007 3230 1158 3303 obscura
1183 3227 1361 3318 illustrent,
1389 3229 1446 3326 qui
1473 3254 1566 3327 quae

430 3348 486 3424 alii
512 3350 669 3440 viderint,
697 3350 764 3423 sub
791 3375 887 3425 novo
914 3366 952 3424 et
978 3349 1142 3451 singulari
1168 3368 1303 3448 ponant
1328 3352 1510 3450 adspectu.

477 3610 502 3678 1)
518 3612 551 3661 Α.
568 3612 675 3677 Bocmt,
692 3611 796 3675 ,Ueber
810 3610 853 3660 die
870 3611 985 3676 Bildung
1000 3611 1047 3661 der
1061 3611 1203 3662 Weltseele
1218 3611 1254 3661 im
1262 3612 1383 3662 Timaeus
1393 3612 1439 3662 des
1449 3611 1568 3662 Pluton.”

429 3697 538 3763 (Kleine
566 3697 697 3747 Schriften
726 3709 751 3763 3,
782 3696 933 3765 109—180)
961 3698 989 3747 in
1017 3698 1068 3748 fine
1092 3698 1163 3763 apud
1187 3699 1255 3748 Mnx
1279 3700 1447 3764 Hormus,
1466 3701 1568 3766 August

427 3784 528 3849 Btickh,
555 3784 853 3850 Lebensbeschreibung
876 3784 930 3833 und
957 3785 1083 3835 Auswahl
1107 3800 1153 3834 nus
1177 3785 1276 3836 seinem
1301 3786 1567 3837 wissenschaftlichen

429 3870 620 3921 Briefwechsel.
639 3872 756 3937 Leipzig.
776 3872 899 3921 Teubner
920 3884 998 3938 1901,
1017 3888 1077 3938 pag.
1098 3885 1139 3937 19.

473 3957 501 4024 2)
528 3957 627 4007 Eodem
654 3957 707 4006 fere
733 3956 806 4020 dicit,
835 3957 886 4006 alia
913 3964 1002 4008 tamen
1029 3965 1126 4025 mente,
1151 3958 1210 4023 ipse
1234 3959 1309 4009 Plato
1334 3959 1443 4009 Phaedr.
1469 3960 1567 4023 274C:

426 4040 514 4099 Ἀιωιίν
538 4042 567 4105 γ’
585 4040 641 4104 'fxv
666 4039 750 4104 λέγειν
774 4046 824 4090 τῶν
849 4041 979 4101 προτέρων,
1003 4042 1033 4090 τὸ
1052 4039 1075 4091 δ’
1095 4041 1185 4100 ἀληθὲς
1202 4039 1277 4092 αὐτοὶ
1292 4041 1387 4091 ἴσασιν.
1405 4042 1427 4091 ti
1444 4040 1472 4092 li
1491 4046 1568 4093 τοῦτο

424 4123 536 4185 εὕρωμεν
560 4122 644 4181 αὗταί,
666 4120 714 4185 ἆρά
739 4125 767 4186 γ’
785 4123 815 4172 iti
839 4122 875 4172 Μ’
903 4121 961 4183 ἡμῖν
987 4122 1060 4185 μέλοι
1086 4141 1113 4172 τι
1140 4129 1189 4173 rev
1211 4123 1360 4187 eremum
1385 4122 1567 4191 dozoeoeatfwu

427 4208 582 4274 Neglegitur
601 4216 687 4258 tumen
706 4208 749 4258 hic
767 4207 906 4257 delectatio
922 4223 1001 4273 quant
1021 4223 1052 4257 ex
1068 4223 1165 4275 eorum,
1181 4225 1248 4275 quae
1264 4210 1326 4259 licet
1340 4210 1425 4259 minus
1440 4225 1501 4260 vera
1511 4226 1567 4260 esse

428 4302 520 4361 postea
545 4302 680 4361 apparent,
705 4295 843 4359 ingeniosa
868 4301 955 4343 tamen
980 4303 1006 4344 et
1034 4295 1142 4360 pulchra
1166 4296 1237 4346 dicta
1260 4297 1323 4362 siut,
1343 4296 1495 4362 cognitione
1512 4313 1568 4362 per·

427 4382 547 4447 cipimus.
567 4381 607 4431 Cf.
628 4381 740 4445 thuuo,
759 4382 800 4430 De
821 4380 865 4430 fin.
884 4381 948 4442 bop.
965 4390 991 4430 et
1003 4381 1063 4430 mal.
1075 4382 1131 4449 Μ
1142 4392 1188 4447 51:
1202 4383 1297 4447 ,Quid
1307 4399 1366 4433 curn
1376 4383 1448 4433 fictas
1457 4382 1568 4449 fabulas,

427 4469 558 4533 equibus
583 4468 682 4518 utilitas
707 4467 780 4518 nulla
806 4467 867 4517 elici
893 4474 990 4533 potest,
1019 4484 1079 4517 cum
1105 4470 1240 4534 voluptate
1264 4468 1409 4536 legimus?”

470 4554 1568 4623 Quinetiamhaeccognoscere,cnmveraiamnoveris,nonsolumestdulce,verum

427 4643 505 4693 etiam
520 4642 583 4692 utile
598 4642 631 4692 ad
648 4642 762 4693 veritatis
776 4641 928 4707 ampliorem
939 4642 1127 4708 cognitionem,
1142 4644 1169 4693 id
1181 4644 1252 4710 quod
1262 4644 1344 4695 fusius
1354 4661 1431 4711 supra
1441 4644 1565 4695 diximus.
