3717 5575
829 714 872 789 ¹7

282 888 415 986 scriptis
436 891 590 965 eundem
615 891 874 965 Anrsrorsnsn
901 892 1025 967 iecisse
1047 911 1195 985 constat,
1207 892 1232 992 ¹)
1255 896 1414 994 proiecto

282 1009 394 1085 multo
427 1010 556 1086 facilius
593 1038 651 1088 res
679 1014 801 1088 confici
826 1030 969 1112 posset:
998 1016 1209 1115 investigare
1234 1019 1414 1091 Pnnrorns

281 1132 441 1207 iudicium
473 1160 565 1233 opus
591 1161 662 1210 non
689 1136 790 1226 soret,
820 1137 990 1234 quoniam
1017 1139 1134 1212 omnia
1160 1140 1208 1214 ita
1235 1157 1355 1215 essent
1380 1141 1415 1213 in

280 1271 462 1352 promptu,
488 1272 527 1331 ut
547 1257 605 1330 vix
627 1283 684 1332 res
706 1259 942 1356 disputatione
964 1277 1100 1359 egeret,
1124 1260 1242 1359 eique,
1259 1263 1319 1360 qui
1333 1262 1413 1335 nihi·

282 1374 430 1451 lominus
452 1379 568 1453 dicere
590 1380 636 1454 de
658 1406 704 1454 ea
726 1397 884 1480 cuperet,
906 1381 987 1454 nihil
1005 1379 1113 1480 lere¹l
1126 1400 1285 1475 restaret,
1300 1384 1361 1458 nisi
1376 1400 1415 1458 ut

283 1499 369 1596 quid
395 1499 520 1575 detali
540 1502 665 1577 iudicio
685 1520 780 1578 esset
799 1505 1027 1595 censendum,
1048 1507 1284 1583 consideraret
1302 1524 1415 1605 atque

280 1620 505 1719 expediret.³)

334 1744 394 1818 At
433 1771 533 1819 cum
573 1765 790 1823 neutrum
831 1778 990 1827 eorum
1031 1752 1202 1826 iecerit
1237 1752 1413 1849 PusT0,⁴)

279 1896 479 1910 ᾔ

328 1975 354 2044 ι)
373 1976 414 2027 Ci.
433 1977 546 2043 Cuntsr,
565 1977 610 2028 Gr.
629 1979 712 2029 Litt²
730 1995 790 2046 pag.
808 1994 869 2044 401.

325 2064 354 2130 2)
370 2064 413 2113 De
437 2065 611 2115 Astswrstn
629 2064 679 2115 hoc
698 2082 752 2116 non
771 2067 823 2117 nisi
841 2083 899 2118 cum
919 2084 1000 2134 ginno
1019 2067 1089 2132 salis,
1107 2074 1137 2118 ut
1155 2068 1237 2134 aiunt,
1256 2068 1308 2118 dici
1327 2083 1414 2135 posse,

281 2165 339 2200 cum
356 2150 379 2200 is
396 2150 424 2201 in
443 2150 502 2201 eliis
520 2167 626 2217 quoque
645 2153 769 2217 operibus
787 2154 820 2203 de
835 2155 1051 2205 antecedentibus
1066 2154 1234 2220 philosophis
1249 2155 1332 2219 egerit
1348 2170 1412 2204 non·

281 2237 353 2287 nullu
370 2265 406 2276 -
424 2237 551 2303 imprimis
574 2238 603 2287 in
626 2237 701 2288 libris
725 2240 780 2303 περὶ
795 2241 884 2305 ψυχῆς
902 2241 1006 2306 scriptis
1024 2268 1060 2279 -
1077 2240 1131 2307 (Cf.
1148 2242 1271 2290 Bonmrt
1287 2241 1369 2292 Index
1385 2241 1412 2290 in

282 2322 364 2373 Acuti.
388 2324 455 2389 Reg.
477 2323 537 2373 Bor.
561 2323 624 2374 edit.
649 2324 709 2374 Vol.
729 2325 764 2391 V)
789 2354 834 2392 —,
858 2327 880 2376 is
900 2327 947 2392 qui
965 2326 1149 2392 philosophiae
1170 2326 1294 2377 historiae
1315 2326 1413 2391 peritus

283 2410 352 2475 leget
368 2410 442 2476 haec,
460 2410 517 2476 ipse
535 2411 586 2460 ism
605 2411 748 2476 intelleget.

325 2496 353 2564 3)
371 2496 403 2547 ln
423 2498 619 2547 Asis-romnus
637 2513 721 2564 nuper
738 2499 776 2550 itu
793 2500 931 2565 inquisivit
950 2501 1044 2551 Exusr
1061 2500 1133 2551 Cur.
1153 2500 1413 2567 Hemanruiun,

281 2584 332 2634 Die
355 2583 607 2650 Nuturphilosophie
632 2601 678 2635 vor
699 2585 829 2654 Sokrntes,
847 2588 889 2637 in:
909 2588 1007 2638 Archiv
1027 2587 1067 2637 fur
1086 2587 1243 2638 Geschichte
1262 2587 1309 2636 der
1327 2587 1413 2637 Philo·

282 2670 374 2736 sophie
392 2671 443 2721 XV
462 2669 508 2738 (N.
528 2671 557 2720 F.
574 2670 662 2738 vin),
679 2685 705 2737 2,
722 2673 769 2738 qui
785 2674 952 2724 Aristotelem
970 2670 1231 2739 pree-Socraticorum
1246 2673 1414 2739 philosophe·

281 2764 378 2808 matum
398 2772 523 2809 summum
541 2757 608 2808 mule
623 2757 783 2810 intellexisse
800 2767 826 2811 et
840 2760 873 2811 ud
887 2760 970 2826 ipsius
988 2759 1021 2811 de
1036 2760 1130 2826 ἀρχαῖς
1144 2760 1278 2826 opinionis
1297 2776 1413 2811 normam

281 2846 430 2896 aestimasse
449 2852 531 2910 putat.
551 2845 592 2896 Cf.
611 2846 679 2896 Berl.
698 2845 765 2896 Phil.
784 2847 971 2898 Wochenschr.
991 2861 1033 2898 22.
1050 2848 1137 2916 Jahrg.
1157 2848 1205 2898 N⁰.
1227 2860 1267 2912 13.

326 2932 356 2999 4)
373 2932 477 2982 Dixerit
495 2932 635 2998 quispiam,
654 2932 705 2983 tale
723 2933 797 2999 quid,
815 2934 893 2999 quale
908 2934 991 2984 altero
1005 2934 1064 2984 loco
1079 2935 1250 2985 indicavimus
1265 2933 1312 3000 (sc.
1322 2951 1375 2985 unu
1385 2935 1413 2984 in

284 3019 388 3085 dialogo
413 3019 496 3069 verius
514 3019 676 3084 superiorum
695 3019 827 3070 doctrinas
845 3022 894 3070 sub
912 3037 967 3070 uno
986 3028 1092 3086 aspectu
1107 3020 1227 3091 ponere),
1240 3021 1331 3071 iecisse
1347 3021 1412 3071 PLA-

284 3118 379 3156 mnnt
397 3106 425 3155 in
444 3104 567 3170 Sophiste
586 3117 633 3167 241
647 3105 672 3154 D
682 3120 742 3172 sqq.
762 3105 802 3156 Ci.
821 3106 873 3156 Cn.
890 3106 974 3172 Ηυιτ,
988 3108 1027 3156 La
1042 3107 1083 3156 vie
1099 3116 1125 3156 et
1140 3106 1253 3156 l'oeuvre
1269 3106 1302 3156 de
1312 3106 1413 3157 Platon.

285 3194 320 3243 11.
338 3193 418 3243 Puris.
437 3192 538 3242 Thorin
555 3198 581 3241 et
599 3191 639 3241 fiis
660 3190 736 3257 1893,
756 3208 816 3257 pag.
836 3191 901 3243 286:
922 3195 980 3257 „Au
999 3194 1088 3243 milieu
1104 3193 1167 3242 d'un
1181 3192 1260 3243 debut
1277 3200 1413 3258 purement

285 3280 421 3345 theorique
435 3294 462 3329 se
478 3279 557 3344 glisse
575 3294 636 3329 une
655 3286 745 3329 sorte
765 3280 803 3329 de
822 3280 976 3330 revision
994 3281 1154 3346 generale
1173 3280 1231 3330 des
1249 3279 1413 3345 systemes

285 3368 477 3419 unterieurs
495 3374 521 3415 et
539 3380 606 3430 pour
622 3365 688 3415 ainsi
708 3366 763 3416 dire
782 3382 845 3416 une
869 3367 1014 3416 histoire
1039 3367 1185 3433 ubregee
1210 3367 1248 3416 de
1267 3366 1298 3416 lu
1316 3367 1413 3415 metu·

285 3453 453 3519 physique
477 3467 625 3517 grecque
644 3460 745 3502 avant
764 3452 929 3504 Socrate.’'

329 3541 365 3590 At
380 3540 465 3606 primo
480 3539 537 3604 ipse
553 3539 628 3589 Hutr
640 3539 689 3589 hoc
704 3555 720 3589 a
736 3540 851 3590 Platonis
860 3541 969 3606 eiusque
978 3541 1070 3590 aetatis
1079 3539 1267 3590 consuetudine
1275 3539 1413 3589 abhorrere

286 3633 374 3692 putet:
394 3627 515 3691 „Desunt
533 3625 558 3675 le
577 3626 687 3691 critique
702 3626 825 3676 moderne
839 3643 889 3676 une
904 3627 1001 3677 double
1018 3628 1141 3692 question
1156 3642 1183 3676 se
1195 3640 1272 3692 pose:
1282 3641 1325 3675 ces
1335 3640 1414 3690 peges

284 3712 508 3779 repondens-elles
526 3711 634 3762 d’ubord
651 3728 701 3763 aux
719 3713 860 3763 tendunces
879 3713 1098 3779 philosophiques
1111 3713 1145 3763 de
1161 3712 1263 3778 Pluton,
1279 3722 1305 3762 et
1321 3711 1423 3761 ensuite

286 3802 302 3851 s
320 3817 361 3852 ses
380 3801 519 3851 habitudes
536 3798 694 3851 d’ecrivaini
712 3802 780 3851 Pour
797 3818 825 3851 se
843 3801 1000 3851 convaincre
1019 3816 1070 3866 que
1085 3787 1113 3850 le
1133 3799 1242 3864 disciple
1261 3800 1294 3848 de
1310 3798 1415 3849 Socrate

287 3887 348 3938 s'est
366 3887 440 3937 initie
458 3903 509 3938 aux
527 3887 703 3953 speculations
721 3887 754 3938 de
772 3904 813 3939 ses
831 3888 991 3953 derunciets,
1006 3887 1022 3935 i
1037 3886 1125 3937 de't'uut
1141 3886 1254 3936 d'sutres
1269 3901 1379 3951 preuves
1395 3885 1413 3934 il

286 3975 393 4025 suffirsit
418 3974 533 4024 d’ouvrir
556 3973 581 4023 le
611 3971 730 4025 Thc'e'titc
754 3982 780 4025 et
802 3975 827 4025 le
851 3972 968 4025 Pbe'dun.
987 3974 1073 4023 Mais
1091 3973 1116 4023 il
1136 3973 1207 4023 faut
1226 3972 1414 4022 descendre

284 4060 410 4127 jusqu'i
442 4061 600 4111 Aristote
634 4076 717 4126 pour
743 4062 816 4112 uuir
842 4062 892 4111 les
919 4061 1063 4112 enciens
1088 4059 1316 4125 philosophes
1342 4061 1415 4109 enu-

286 4148 393 4199 meres
412 4147 744 4214 methodiquement,
762 4148 852 4198 leurs
871 4148 1060 4197 assertions
1076 4146 1310 4211 repruduites,
1325 4145 1416 4195 leurs

288 4233 512 4285 conclusions
535 4234 699 4299 adoptees
724 4249 762 4283 ou
787 4234 1007 4283 combuttues.
1034 4232 1153 4282 Pluton
1173 4248 1188 4281 a
1207 4240 1281 4296 trop
1301 4230 1417 4280 d’elun

288 4331 320 4372 et
342 4321 612 4387 d'imaginstion
638 4336 721 4387 pour
739 4318 967 4370 s’ustreindre
985 4320 1000 4368 i
1018 4319 1075 4368 des
1093 4318 1221 4369 allures
1239 4317 1331 4367 aussi
1350 4318 1417 4366 eru·

288 4408 397 4475 dites,
414 4416 441 4457 et
459 4424 507 4473 pur
524 4408 549 4457 le
568 4407 705 4457 criticisme
724 4407 787 4456 dont
805 4406 869 4456 elles
888 4414 947 4456 sont
966 4406 1067 4472 pleines
1085 4421 1128 4455 ces
1147 4421 1227 4470 peges
1242 4404 1276 4454 du
1291 4404 1418 4469 Sophiste,

289 4494 348 4545 seui
370 4495 395 4544 le
415 4501 460 4543 ton
482 4493 575 4558 enjoue
593 4494 639 4560 qui
657 4510 673 4559 y
691 4493 780 4559 regne,
799 4494 948 4559 ruppellent
967 4493 1002 4543 tel
1021 4493 1137 4558 chapitre
1155 4493 1217 4541 bien
1236 4506 1322 4540 connu
1341 4490 1374 4539 de
1393 4489 1418 4539 lu

289 4581 422 4647 Pbyu'qse
443 4597 477 4630 ou
496 4581 529 4630 de
547 4581 573 4631 lu
589 4578 815 4646 Me'taplrysiquc.'’

332 4666 507 4718 Conseruntur
533 4667 702 4718 Carnunti
725 4668 813 4731 verbs,
838 4682 904 4732 quse
927 4667 1002 4717 uliert
1026 4667 1101 4716 nun
1124 4663 1196 4731 (pag.
1221 4662 1272 4714 28⁶
1297 4662 1358 4713 sdn.
1379 4661 1418 4730 1):

290 4753 361 4817 ‚The
381 4754 543 4818 conception
558 4753 589 4803 oi
599 4753 724 4818 studying
739 4752 932 4819 philosophicnl
946 4754 1018 4804 ideas
1033 4754 1060 4803 in
1071 4752 1114 4802 the
1124 4751 1191 4816 light
1200 4751 1230 4800 oi
1237 4750 1304 4801 their
1312 4750 1420 4815 history,

1286 4865 1303 4903 2
