3717 5575
964 678 1035 728 202

433 847 618 924 ceteris
653 848 853 925 fabulae
880 851 1136 944 heroibus,
1166 851 1338 926 nedum
1366 851 1562 926 deorum

433 973 620 1047 honore
658 998 761 1046 eum
799 973 1007 1049 afficiat.
1059 975 1200 1073 Ipsas
1236 973 1563 1072 Orphicorum

433 1094 689 1170 doctrinas
716 1095 911 1195 plurimi
940 1097 1177 1172 faciebat:
1207 1097 1263 1171 ad
1290 1121 1426 1195 quem
1453 1122 1563 1172 vero

431 1217 741 1293 referrentur
764 1220 855 1294 hae
877 1221 1159 1314 doctrinae,
1184 1220 1231 1295 id
1256 1220 1451 1295 omnino
1476 1245 1565 1294 non

433 1341 650 1416 curabat

487 1465 715 1562 Orpheus
753 1466 922 1542 Pin-om
959 1466 1083 1542 nihil
1119 1483 1195 1542 est
1233 1466 1328 1540 nisi
1356 1465 1568 1541 celeber·

432 1587 580 1661 rimus
621 1587 709 1663 ille
749 1587 977 1689 vulgaris
1013 1589 1217 1665 fabulae
1254 1604 1448 1679 cantor,
1486 1589 1566 1687 qui

433 1725 608 1784 cantus
635 1713 892 1787 suavitate
920 1713 1132 1787 mirifice
1157 1711 1443 1788 excellebat
1464 1736 1565 1785 can·

432 1847 583 1930 tuque
607 1860 693 1908 suo
718 1835 878 1909 omnia
902 1837 1152 1928 movebat,
1177 1835 1387 1932 denique
1408 1850 1563 1909 tamen

433 1954 687 2030 mulierum
716 1958 941 2033 manibus
968 1959 1388 2033 interficiebatur.

484 2077 651 2152 Talem
689 2080 843 2154 virum
880 2081 1029 2156 etiam
1064 2106 1238 2155 versus
1269 2079 1449 2154 fecisse
1476 2095 1565 2154 tra·

433 2200 582 2275 ditum
610 2201 766 2277 fuisse
793 2203 965 2301 itaque
992 2215 1181 2301 poetam
1210 2201 1436 2301 appellari
1464 2200 1565 2276 soli·

431 2339 528 2398 tum
565 2349 692 2417 esse,
732 2351 815 2423 per
847 2352 897 2400 se
925 2324 1248 2425 intellegitur
1275 2350 1362 2399 nec
1389 2350 1446 2399 ex
1473 2325 1565 2398 Prn-

432 2470 541 2522 roms
575 2448 810 2545 operibus
841 2475 935 2524 non
962 2464 1184 2548 apparet.
1214 2449 1376 2546 Ipsum
1404 2463 1566 2522 tamen

432 2570 642 2644 Pirromu
682 2572 898 2645 carmina
940 2572 1201 2670 quaedam,
1241 2570 1407 2644 literis
1448 2595 1566 2644 man·

431 2691 548 2765 data
584 2706 631 2766 et
667 2692 824 2791 ipsius
860 2692 1048 2767 Pnnrorus
1083 2708 1254 2767 aetate
1282 2708 1398 2767 nota
1425 2717 1480 2766 ac
1506 2692 1565 2766 di·

431 2812 641 2913 vulgata
661 2859 713 2871 -
734 2816 1076 2916 theogoniam,
1101 2817 1323 2915 hymnos,
1347 2816 1564 2890 carmina

431 2937 639 3035 mystica
667 2936 826 3036 (libros
847 2938 1148 3038 sacrificales)
1173 2984 1224 2995 —
1248 2938 1305 3013 ad
1328 2938 1562 3036 Orpheum

430 3074 683 3136 auctorem
711 3061 919 3155 referre,
949 3088 1037 3136 non
1067 3078 1199 3137 recte
1228 3087 1282 3136 ex
1309 3061 1406 3135 eius
1427 3061 1563 3158 scrip·

431 3183 492 3258 tis
528 3181 810 3283 colligitur:
848 3184 909 3259 iis
945 3183 1088 3278 locis,
1126 3184 1206 3283 qui
1234 3183 1294 3258 ad
1322 3181 1564 3258 eiusmodi

430 3305 770 3381 coniecturam
807 3331 952 3381 ansas
984 3306 1101 3382 dare
1130 3307 1341 3405 possint,
1369 3321 1453 3380 aut
1480 3331 1564 3380 orn·

431 3428 544 3502 nino
578 3427 634 3502 de
661 3428 812 3503 certis
839 3428 1157 3520 carminibus,
1186 3426 1352 3516 literis
1380 3427 1565 3502 manda-

429 3551 511 3643 tis,
540 3576 633 3624 non
657 3552 1012 3652 agitur-Legg.
1038 3551 1336 3646 829E-,aut
1359 3549 1563 3643 aliorum,

430 3698 515 3748 non
549 3698 674 3747 suam
703 3675 987 3772 opinionem
1014 3674 1170 3748 refert
1199 3671 1362 3772 Pnnro¹)
1390 3717 1442 3728 —
1466 3672 1562 3771 Rep.

430 3794 784 3891 11364E-,aut
812 3797 1026 3895 denique
1054 3822 1187 3871 suam
1216 3797 1483 3872 orationem
1507 3795 1563 3869 ad

428 3944 727 3994 communem
769 3919 1053 4017 opinionem
1095 3934 1143 3993 et
1183 3918 1381 3994 dicendi
1418 3918 1561 3993 ratio

428 4067 532 4116 nem
567 4042 981 4116 accommodat-
1007 4040 1146 4140 Cratyl.
1177 4065 1251 4136 402
1270 4042 1313 4132 B,
1335 4039 1426 4114 Phrl.
1451 4046 1500 4113 66
1517 4038 1561 4131 C,

429 4165 551 4264 Legg.
582 4164 795 4258 669D—:
826 4164 955 4263 quod
983 4190 1101 4239 vero
1129 4164 1187 4238 ad
1215 4164 1311 4239 Tim.
1343 4162 1458 4256 40D,
1488 4162 1562 4236 hic

474 4472 501 4539 ι)
519 4472 580 4524 Alia
598 4473 678 4540 igitur
695 4477 735 4524 est
748 4472 815 4523 ratio
830 4473 987 4538 hymnorum
1002 4479 1029 4521 et
1042 4469 1212 4536 theogoniae:
1221 4468 1289 4519 hanc
1298 4475 1368 4518 certe
1378 4467 1453 4518 novit
1462 4468 1564 4534 Puro,

426 4560 489 4611 licet
505 4560 592 4626 ipsum
607 4561 715 4627 Orpheo
731 4576 789 4611 eum
805 4559 952 4610 adscribere
967 4574 1024 4609 enm
1038 4572 1092 4607 non
1107 4563 1245 4622 appareat:
1261 4556 1370 4622 hymnos
1382 4571 1444 4606 vero
1454 4555 1562 4620 Orpheo

349 4669 358 4686 ι
426 4646 573 4712 adscriptos
591 4647 647 4698 eius
665 4654 750 4699 aetate
768 4646 895 4712 extftfm,
909 4646 1018 4696 huiusce
1033 4643 1070 4694 rei
1086 4642 1185 4693 iudicia
1198 4642 1432 4709 apudeonsu
1441 4641 1562 4692 videntur

427 4748 483 4785 esse
502 4733 584 4785 nullu.
