3717 5575
1925 648 2068 736 164

865 854 1201 913 aetate
1264 865 1448 914 non
1508 841 1618 915 ab
1673 840 1912 939 ipso,
1971 842 2132 915 sed
2186 867 2233 916 a
2290 840 2931 916 multitudine
2988 834 3123 942 Ὀρ·

865 960 1043 1064 φικὸς
1097 967 1239 1066 βίος
1296 961 1487 1036 dici
1545 961 1945 1039 soleret.

971 1086 1263 1159 Deinde
1308 1111 1491 1159 vero
1543 1087 1740 1159 haud
1787 1086 1966 1178 scio,
2015 1111 2266 1160 annon
2313 1087 2608 1192 Ὀρφικὰς
2635 1091 2774 1190 βίος
2805 1084 2898 1158 sit
2926 1084 3121 1158 idem

865 1222 1091 1303 atque
1156 1208 1453 1304 Orphei
1500 1208 1678 1300 vita,
1740 1234 1834 1282 an
1886 1208 2130 1306 potius
2185 1208 2548 1307 significet
2614 1206 3119 1305 Orphicorum

865 1328 1118 1421 vitam,
1177 1355 1634 1427 quamquam
1695 1330 1836 1404 hoc
1894 1331 2149 1428 utique
2203 1331 2508 1405 dubium
2566 1325 2779 1426 est.¹)

975 1578 1040 1648 8.
1096 1574 1445 1672 Denique
1484 1575 1656 1649 mihi
1689 1576 2065 1650 PLATONIS
2094 1577 2188 1650 de
2220 1575 2532 1673 Orpheo
2562 1574 2907 1650 iudicium
2938 1591 3117 1648 trac-

869 1697 1050 1770 tanti
1097 1714 1328 1771 restat
1374 1714 1455 1772 ut
1500 1698 1596 1773 de
1638 1699 1930 1772 duobus
1973 1699 2214 1772 dicam
2243 1698 2446 1791 lociS,
2478 1723 2525 1773 a
2554 1696 2923 1771 nonnullis
2948 1696 3121 1770 viris

865 1819 1100 1893 doctis
1146 1819 1288 1893 huc
1329 1818 1600 1912 relatiS,
1648 1846 1963 1918 quorum
2000 1836 2253 1895 tamen
2285 1819 2602 1896 alterum
2630 1846 2778 1895 non
2809 1821 2909 1894 ad
2941 1821 3122 1893 PLA-

865 1964 1122 2014 ToNEM
1171 1942 1475 2040 eiusque
1523 1944 1974 2039 opinionem,
2023 1943 2340 2018 alterum
2389 1969 2535 2018 non
2585 1945 2684 2018 ad
2730 1942 3117 2040 Orpheum

869 2065 1233 2160 pertinere
1282 2079 1487 2162 puto,
1540 2064 1729 2138 Sunt
1767 2081 2019 2139 autem
2060 2066 2248 2163 Rep.
2285 2065 2353 2138 11
2391 2071 2541 2160 364
2571 2066 2635 2138 E
2667 2091 2861 2162 sqq.,
2895 2089 3116 2162 quem

869 2188 1108 2260 locum
1138 2214 1361 2284 supra
1391 2189 1594 2285 (pag.
1644 2213 1668 2260 1
1690 2190 1816 2285 34)
1847 2188 1993 2261 iam
2026 2187 2349 2280 laudavi,
2381 2203 2458 2262 et
2485 2187 2678 2261 Tim.
2714 2211 2818 2280 40
2847 2188 2921 2259 D
2952 2212 3118 2283 sqq.

973 2335 1043 2401 9.
1097 2309 1343 2382 Primo
1390 2310 1593 2407 quod
1642 2310 1737 2382 ad
1791 2309 1978 2407 Rep.
2028 2310 2095 2383 11
2148 2316 2298 2404 364
2329 2310 2393 2382 E
2429 2337 2622 2408 sqq.,
2667 2325 2911 2383 utrum
2943 2309 3122 2382 PLA-

865 2452 1084 2504 Toms
1157 2456 1538 2505 occurrere
1611 2432 2063 2505 censendum
2136 2433 2229 2505 sit
2295 2432 2410 2506 hic
2463 2432 2810 2505 iudicium
2865 2455 3120 2520 necne,

865 2552 1219 2650 imprimis
1285 2553 1615 2649 pendere
1690 2554 1865 2626 mihi
1938 2554 2230 2629 videtur
2303 2579 2395 2628 ex
2450 2554 2590 2628 hac
2647 2555 3120 2652 quaestione:

869 2700 1016 2770 quo
1091 2674 1478 2748 referenda
1552 2675 1697 2747 sint
1768 2676 2001 2749 verba
2076 2675 2161 2768 ὥς
2213 2706 2402 2779 φασι;
2460 2701 2635 2749 nam
2692 2677 2750 2749 si
2808 2676 2907 2749 ad
2962 2673 3122 2749 sola

865 2800 1147 2888 Σελήνης
1218 2829 1283 2874 τε
1357 2805 1470 2875 καὶ
1544 2811 1818 2876 Μουσῶν
1892 2798 2171 2903 ἐγγόνων
2247 2800 2639 2897 pertinent,
2705 2800 2949 2874 facere
3002 2799 3124 2873 vix

869 2944 1260 3017 possumus
1307 2920 1480 3016 quin
1531 2944 1727 3017 quae
1772 2921 2224 2994 antecedunt
2265 2924 2629 3018 (Μουσαίου
2675 2932 2787 3000 καὶ
2822 2919 3121 3026 Ὀρφέως)

869 3041 964 3115 ab
1010 3042 1236 3141 ipsius
1284 3042 1406 3139 qui
1445 3042 1619 3115 dicit
1651 3064 1902 3116 mente
1931 3041 2225 3117 fluxisse
2255 3059 2708 3118 statuamus:
2741 3044 2800 3117 is
2834 3042 3123 3117 Musaei

869 3179 943 3237 et
998 3162 1282 3260 Orphei
1339 3189 1504 3238 esse
1560 3164 1697 3237 hos
1754 3163 1981 3238 libros
2035 3164 2436 3264 significat:
2499 3166 2895 3239 Musaeum
2943 3189 3124 3238 vero

869 3301 941 3358 et
987 3285 1376 3384 Orpheum
1414 3288 1698 3378 Σελήνης
1724 3319 1790 3364 τε
1820 3295 1932 3365 καὶ
1967 3302 2239 3367 Μουσων
2269 3290 2571 3393 ἐγγόνους
2600 3314 2789 3379 esse,
2819 3288 2923 3361 ita
2954 3312 3120 3361 con-

869 3407 1172 3482 tendere
1245 3409 1583 3482 dicuntur
1655 3408 1723 3501 ii,
1800 3409 1926 3507 qui
1990 3407 2215 3484 libros
2272 3411 2412 3484 hos
2466 3412 2849 3509 proferunt
2905 3412 3128 3515 (παρέ-

960 3653 1012 3720 1)
1049 3653 1294 3703 Concedo
1356 3667 1480 3702 sane
1537 3653 1793 3702 eiusmodi
1853 3655 1992 3704 vitae
2048 3655 2442 3705 consuetudinis
2497 3664 2756 3707 auctorem
2806 3656 2910 3705 dici
2961 3654 3127 3705 solere

869 3741 881 3789 ἶ
889 3756 1038 3806 psum
1094 3740 1382 3805 Orpheum,
1435 3748 1493 3789 ut
1545 3740 1648 3789 iam
1705 3741 2127 3791 ARISTOPRANRS
2177 3742 2451 3791 notissimo
2505 3743 2599 3793 illo
2636 3744 2753 3792 loco
2789 3743 2925 3792 Ran.
2961 3753 3126 3805 1032:

945 3869 1169 3932 Ὀρφεὺς,
1203 3873 1397 3939 inquit,
1430 3868 1521 3931 μὶν
1555 3870 1655 3931 γὰρ
1693 3868 1916 3928 τελετάς
1951 3869 1994 3918 θ’
2029 3868 2146 3933 ἡμῖν
2181 3869 2440 3939 κατέδειξε
2472 3874 2625 3935 φόνων
2658 3873 2712 3921 τ’
2746 3870 3049 3935 ἀπέχεσθαι,

862 4007 955 4058 ,aed
997 4003 1104 4067 βίον
1148 4003 1376 4066 Ὀρφικόν
1409 4020 1522 4054 esse
1558 4004 1742 4063 vitam,
1785 4006 1988 4070 qualem
2029 4005 2269 4071 Orpheus
2304 4007 2525 4072 degebat,
2560 4023 2671 4057 non
2707 4024 2862 4074 quam
2898 4035 2968 4045 —-
3002 4006 3129 4056 licet

869 4111 983 4146 eum
1019 4094 1184 4144 secuti
1217 4120 1291 4130 —
1327 4091 1571 4156 degebant
1610 4090 1845 4156 Orphici,
1882 4091 1982 4140 hoc
2019 4092 2146 4142 mihi
2183 4108 2291 4141 non
2331 4100 2408 4142 est
2447 4108 2763 4158 persuasum.

955 4183 1197 4233 Ceterum
1234 4179 1301 4228 ad
1336 4177 1598 4242 Orphicos
1635 4177 1822 4226 referre
1860 4178 2104 4228 videntur
2139 4179 2311 4229 locum
2348 4180 2504 4229 etiam
2533 4181 2751 4230 Rima
2782 4188 2833 4230 et
2853 4180 3125 4245 Panum,

869 4270 1102 4321 Historia
1149 4265 1518 4330 Philosophiae
1567 4263 1840 4329 Graecae',
1876 4280 1996 4330 pag.
2041 4275 2138 4330 153
2159 4282 2235 4316 c.:
2270 4266 2562 4331 „Sacrificia
2598 4268 2867 4318 incruenta
2903 4267 3059 4316 etiam
3096 4281 3128 4316 a

869 4356 1202 4424 Pythagoreis
1239 4360 1290 4404 et
1328 4351 1574 4418 Orphicis
1610 4351 2058 4420 commendantur,
2093 4370 2142 4403 v.
2175 4354 2321 4403 Plato
2340 4355 2467 4419 Leg.
2489 4355 2562 4403 VI
2588 4353 2686 4418 782
2708 4353 2804 4421 C”;
2827 4354 2972 4419 quod
2989 4353 3127 4402 idem

865 4445 1031 4497 fucere
1086 4444 1291 4493 videtur
1344 4441 1652 4504 DmLESmS,
1701 4453 1819 4487 cum
1868 4439 1913 4488 is
1951 4438 2181 4509 (Fragm.
2220 4440 2312 4489 der
2348 4440 2649 4490 Vorsokrat.
2688 4440 2931 4505 Anhang.
2971 4453 3125 4504 pagg.

865 4532 967 4597 489
1004 4531 1148 4598 sqq.)
1183 4542 1490 4578 enumerans
1528 4531 1759 4575 veterum
1796 4525 1862 4575 de
1900 4525 2101 4591 Orphei
2141 4527 2248 4576 vita
2278 4533 2330 4576 et
2360 4527 2568 4593 scriptis
2600 4528 2915 4592 testimonia,
2944 4526 3124 4591 Symp.

877 4629 970 4682 179
988 4620 1039 4668 D
1071 4622 1456 4679 commemoret,
1489 4614 1687 4677 Legum
1712 4614 1886 4663 locum
1904 4614 2125 4664 omittat.
2148 4614 2227 4664 Cf.
2250 4622 2515 4680 praeterea
2535 4617 2775 4681 Lonsscx,
2797 4613 3059 4681 Aglaoph.
3081 4613 3127 4679 1,

869 4721 986 4771 με.
1026 4715 1146 4770 245·
