3717 5575
970 655 1015 706 22

426 832 607 907 sermonis
616 828 643 930 ¹)
671 831 830 906 sormam
867 829 1047 920 adhibuit,
1079 855 1208 903 verum
1237 829 1350 904 etiam
1377 829 1559 904 eiusmodi

427 955 620 1045 sermonis,
645 954 680 1027 in
697 979 773 1051 quo
788 953 868 1051 ipse
883 952 1035 1026 omnino
1049 950 1208 1049 loquens
1223 977 1297 1025 non
1312 951 1558 1044 induceretur,

426 1078 540 1150 immo
567 1077 630 1150 vix
665 1091 704 1150 et
732 1101 807 1149 non
836 1075 903 1148 nisi
929 1077 963 1152 ἐν
992 1075 1125 1177 παρόδῳ
1154 1089 1519 1149 commemoraretur.
1532 1071 1565 1172 ¹)

428 1200 560 1297 ltaque
588 1224 671 1272 cum
693 1199 729 1271 in
751 1198 864 1295 ipsius
886 1197 1061 1294 operibus
1081 1211 1162 1270 tota
1185 1197 1387 1294 disputatio
1410 1197 1458 1272 de
1481 1197 1559 1272 eius

427 1322 595 1396 doctrina
617 1322 664 1394 sit
687 1319 854 1410 aliorum,
864 1315 891 1416 3)
906 1344 1028 1417 neque
1043 1318 1269 1410 indicaverit,
1285 1320 1387 1393 cuius
1402 1345 1466 1393 ore
1480 1321 1559 1417 ipse

427 1443 601 1541 loquatur
623 1460 688 1517 aut
707 1468 819 1541 quem
835 1467 940 1515 suam
956 1441 1069 1538 ipsius
1084 1443 1306 1515 sententiam
1321 1441 1559 1539 profitentem

427 1566 625 1664 inducat,⁴)
650 1565 928 1664 quaeritur,
950 1564 1029 1661 qui
1046 1564 1406 1662 Punroulspartes
1426 1565 1558 1639 susti·

428 1715 542 1763 nere
577 1689 784 1785 eiusque
818 1686 1095 1760 doctrinam
1133 1688 1313 1761 docere
1350 1687 1559 1784 putandi

428 1812 537 1885 sint.
565 1811 607 1883 ld
628 1811 729 1908 quod
745 1809 924 1883 difficilius
939 1809 1122 1883 interdum
1138 1825 1195 1884 est
1208 1809 1257 1883 ad
1271 1810 1558 1901 diiudicandum,

429 1959 512 2007 cum
551 1958 597 2006 ne
634 1931 827 2006 Socssnrns
865 1933 1015 2030 quidem
1050 1943 1193 2029 semper
1228 1931 1391 2006 Platonis
1425 1932 1561 2007 referat

430 2056 655 2154 opinionem,
694 2056 830 2128 nedum
867 2055 926 2128 hic
963 2053 1074 2129 solus.
1087 2052 1114 2154 5)
1153 2054 1248 2130 Utut
1275 2071 1344 2147 est,
1373 2056 1445 2130 hoc
1472 2056 1560 2130 mihi

424 2207 614 2225 10⁶⁸-—

476 2270 685 2338 1)Ct'.LARR‘r.
711 2270 792 2318 Dloo.
813 2269 862 2334 111,
880 2266 929 2331 48:
953 2268 1011 2318 ’έσπι
1034 2267 1061 2319 δέ
1082 2267 1202 2334 διάλογος
1225 2271 1302 2333 λέγος
1319 2267 1347 2336 ἓξ
1365 2267 1506 2332 ἔρωσιὶσεως
1522 2270 1565 2321 καὶ

427 2356 580 2417 ἀποκρίσεως
596 2353 759 2417 συγκείμενος
775 2358 832 2414 περί
846 2368 913 2410 σινος
929 2356 979 2401 σῶν
996 2349 1213 2415 φιλοσοφουμένων
1227 2351 1271 2401 καὶ
1286 2358 1421 2402 πολιτικῶν
1435 2354 1503 2414 μεπέι
1517 2356 1564 2413 πῆς

427 2436 567 2501 προσούσης
584 2434 708 2495 illexerint
725 2439 775 2484 σῦν
792 2432 1055 2497 παραλαμβανομένων
1072 2433 1206 2497 προσώπων
1223 2434 1265 2483 καὶ
1282 2437 1329 2492 πῆς
1346 2436 1415 2484 mit
1431 2434 1477 2493 τῆν
1495 2436 1563 2502 λέξιν

427 2521 594 2576 κατασκευῆς.

474 2604 502 2670 2)
522 2603 563 2654 Ct'.
588 2603 686 2653 Gnonrt
710 2614 766 2652 vnn
791 2602 974 2667 Petusrnttan,
997 2617 1021 2651 o.
1040 2601 1058 2650 1.
1084 2617 1144 2667 pag.
1166 2600 1229 2652 128:
1249 2602 1339 2666 „Plato
1358 2603 1437 2668 enim,
1456 2605 1501 2669 qui
1520 2604 1560 2654 sui

427 2690 588 2740 mentionem
608 2690 736 2740 rarissime
755 2696 781 2737 et
800 2703 855 2737 non
874 2687 926 2737 nisi
944 2687 1029 2736 obiter
1047 2686 1093 2753 (cs.
1113 2689 1192 2753 Apol.
1213 2689 1284 2739 Socr.
1304 2705 1331 2755 p.
1350 2690 1427 2755 34A,
1443 2705 1470 2755 p.
1486 2689 1520 2754 38
1530 2691 1560 2741 B.

428 2777 560 2834 Phaedon.
586 2794 612 2843 p.
634 2775 709 2842 5913)
734 2774 810 2841 lecit3
835 2781 904 2825 certe
919 2791 1049 2840 nusquam
1064 2782 1104 2825 est
1119 2776 1147 2826 in
1162 2775 1216 2826 suis
1231 2776 1288 2843 ipse
1303 2776 1377 2827 libris
1393 2792 1440 2827 suo
1455 2776 1561 2829 nomine

427 2866 529 2916 locutus
547 2864 696 2933 (Wytteub.
715 2862 813 2926 Opusc.
833 2862 869 2928 11,
887 2861 934 2929 29)
944 2898 950 2911 .
962 2898 968 2911 .
980 2898 986 2911 .
998 2860 1022 2911 .”

472 2952 627 3016 HERMANN,
644 2964 669 3000 o.
679 2949 697 2998 1.
717 2965 777 3014 pag.
795 2961 845 3011 49:
871 2947 984 3012 „Plato’s
1007 2964 1089 3012 gaure
1113 2949 1384 3016 Einldeidungsweise
1407 2952 1493 3001 seiner
1511 2952 1561 3003 Ge·

428 3033 829 3103 spreche,beiwe1chernicht
848 3050 897 3084 nur
916 3034 968 3084 alle
987 3034 1137 3100 Beziehung
1155 3036 1201 3085 auf
1217 3036 1260 3086 die
1279 3038 1374 3087 Person
1394 3037 1441 3088 des
1460 3038 1562 3089 Versus·

428 3141 482 3175 sers
497 3123 622 3189 wegfellt,
637 3122 751 3172 sondern
761 3120 827 3171 auch
836 3120 887 3170 alle
897 3120 1034 3171 einzelnen
1045 3122 1114 3187 Zflge
1124 3123 1264 3173 antedntirt
1274 3124 1377 3173 werden
1387 3130 1490 3175 missen
1501 3160 1508 3174 .
1518 3161 1524 3174 .
1537 3123 1562 3175 .’'

472 3227 532 3277 pag.
553 3222 650 3274 33sq.:
671 3209 768 3274 „Diese
786 3208 959 3258 interessente
978 3207 1058 3257 Stelle
1078 3207 1193 3274 [Phaedo
1214 3209 1288 3277 5913]
1308 3210 1342 3260 ist
1357 3211 1480 3277 librigens
1495 3213 1561 3264 auch

429 3298 472 3348 die
497 3298 597 3362 einzige
621 3296 649 3345 in
673 3295 743 3346 allen
768 3295 938 3360 Gespriichen
963 3293 1068 3360 Plato’s,
1088 3310 1127 3344 wo
1147 3295 1232 3346 dieser
1250 3298 1332 3348 selbst
1351 3299 1406 3349 sich
1423 3305 1500 3349 unter
1517 3299 1563 3349 So·

428 3386 514 3436 kretes
539 3384 654 3434 naheren
678 3383 818 3434 Freunden
836 3388 953 3447 genennt
974 3382 1028 3447 hat,
1047 3398 1124 3432 vienn
1142 3382 1229 3448 glelch
1247 3384 1293 3434 aut'
1308 3385 1368 3435 eine
1388 3387 1445 3452 Art,
1461 3401 1563 3436 woraus

429 3473 476 3523 wir
499 3472 567 3522 eben
592 3486 640 3520 nur
665 3470 740 3535 sehn,
765 3469 814 3518 wie
838 3469 1026 3534 geflissentlich
1052 3485 1079 3518 er
1103 3484 1131 3519 es
1150 3470 1301 3537 vermeidet,
1320 3472 1363 3522 bei
1381 3471 1473 3537 irgend
1491 3473 1564 3522 einer

429 3560 475 3609 der
498 3557 724 3622 Unterredungen,
750 3556 793 3605 die
817 3571 845 3605 er
868 3556 968 3606 seinem
992 3555 1090 3605 Lehrer
1108 3555 1136 3605 in
1155 3557 1207 3606 den
1226 3557 1311 3606 Mund
1328 3557 1392 3623 legt,
1409 3558 1448 3608 als
1466 3558 1563 3608 Person

429 3647 492 3696 oder
516 3644 581 3695 auch
606 3659 655 3693 nur
679 3644 718 3693 als
742 3642 882 3692 anwesend
902 3659 933 3692 zu
953 3642 1114 3709 erscheinen,
1133 3660 1162 3692 so
1180 3644 1239 3693 dass
1257 3645 1304 3693 wir
1322 3644 1415 3694 mithin
1434 3645 1500 3694 auch
1518 3661 1564 3694 nus

429 3734 528 3783 seinem
552 3732 663 3796 eigenen
689 3730 789 3780 Munde
813 3730 959 3794 vergebens
978 3730 1045 3780 nach
1064 3730 1177 3780 utheren
1197 3730 1373 3781 Nachrichten
1392 3732 1456 3781 uber
1474 3731 1563 3780 seinen

429 3821 549 3885 Umgang
566 3818 614 3868 mit
628 3817 716 3881 jenem
735 3816 856 3867 lorschen
867 3852 945 3867 .....
962 3817 1018 3866 Nur
1036 3817 1096 3867 dass
1114 3832 1142 3866 er
1159 3816 1202 3866 bei
1221 3817 1343 3867 Sokrates
1362 3816 1566 3883 Verurtheilung

430 3921 545 3972 zugegen
571 3919 623 3953 war
646 3903 701 3952 und
725 3902 781 3952 sich
807 3904 885 3952 nebst
908 3903 1006 3952 andern
1030 3919 1086 3952 zum
1112 3903 1216 3968 Burgen
1234 3904 1325 3968 anbot‚
1343 3918 1419 3954 wenn
1437 3911 1504 3953 etun
1520 3903 1564 3954 die

430 3992 538 4043 Richter
561 3989 617 4040 sich
641 3990 689 4039 mit
713 3989 786 4039 einer
810 3989 959 4039 Geldstrafe
983 3990 1072 4040 hitten
1097 3991 1237 4055 begntigen
1263 3990 1369 4055 wollen,
1389 3999 1446 4054 sagr
1470 4006 1498 4040 er
1515 4005 1565 4040 uns

431 4078 499 4129 noch
517 4078 545 4127 in
564 4077 610 4127 der
625 4075 919 4143 Vertheidigungsrede,
934 4075 977 4125 die
994 4092 1021 4126 er
1036 4076 1170 4126 nachmals
1185 4077 1221 4126 im
1237 4076 1327 4126 Geiste
1343 4077 1428 4127 seines
1444 4077 1565 4127 Meisters

430 4166 471 4215 fur
489 4165 579 4214 diesen
599 4163 769 4228 geschrieben
787 4163 833 4213 hat
843 4199 850 4212 .
861 4199 867 4211 .
879 4161 903 4211 .”

475 4249 503 4317 3)
528 4250 779 4300 Commemoratione
804 4249 912 4313 dignum
938 4248 1003 4297 mihi
1025 4249 1136 4316 videtur,
1161 4250 1188 4299 in
1216 4249 1257 4300 his
1282 4250 1398 4300 Platonis
1422 4249 1564 4316 discipulos

432 4354 486 4388 uon
505 4338 625 4387 inveniri.

475 4423 505 4491 4)
524 4425 555 4474 Id
574 4422 688 4488 quode.
706 4439 732 4488 g.
752 4423 857 4472 thntto
875 4422 938 4472 lecit
956 4422 985 4471 in
1004 4423 1103 4474 Laelio.

476 4509 504 4577 5)
522 4511 563 4561 Cf.
578 4512 682 4560 thnr.
698 4511 780 4559 θεοῦ.
797 4510 848 4574 111,
859 4520 907 4574 52:
922 4510 965 4561 nal
980 4511 1036 4572 περῖ
1049 4512 1094 4573 μέν
1108 4517 1158 4562 τῶν
1174 4512 1243 4577 αὐτῷ
1256 4511 1391 4564 δοκούντων
1400 4514 1566 4577 ιέποφιιένεπιει

430 4593 472 4645 διὰ
494 4592 621 4656 τεσσέρων
644 4592 786 4657 προσώπων,
808 4592 958 4657 Σωκράτους,
980 4596 1097 4656 Τιμωέσν,
1118 4598 1164 4644 τοῦ
1182 4595 1309 4656 ’Adriatico
1326 4595 1404 4665 ξένον,
1419 4600 1465 4647 σοῦ
1484 4595 1570 4646 Ἐλεύ-

431 4692 477 4726 τον
495 4674 572 4743 ξένον.
