3717 5575
849 671 899 745 47

304 846 380 934 428
395 843 437 934 Β,
477 869 553 942 quo
593 843 678 920 loco
716 846 869 945 Cratylo
906 848 993 921 dicit
1029 847 1243 921 Socnffls:
1282 843 1338 925 ἐὰν
1377 833 1438 925 οὖν

303 965 403 1071 λέγῃς
428 999 456 1045 τι
485 964 633 1060 καλλισν,
660 964 718 1047 ένα
741 985 803 1048 τῶν
826 976 983 1073 μαθητῶν
1005 977 1071 1074 περὶ
1085 970 1252 1074 ὀρθότητος
1266 966 1435 1073 ὀνομοίτων

304 1094 361 1164 καὶ
388 1087 444 1191 ἐμὲ
470 1086 595 1193 γροῖρον
605 1086 645 1189 1);
674 1092 835 1188 denique
864 1117 940 1187 413
958 1092 1017 1166 A:
1047 1087 1101 1170 οἵτε
1128 1095 1267 1196 λιπαρὴς
1294 1082 1338 1168 όιν
1365 1095 1435 1194 περὶ

303 1206 415 1313 αὑτοῦ,
448 1220 554 1291 ταῦτα
580 1211 639 1315 μὲν
667 1211 775 1292 ποέντα
802 1216 1025 1318 διαπέπυσμαι
1053 1215 1085 1291 ἐν
1113 1212 1303 1318 ἀπορρήτοις
1335 1220 1437 1290 κ.τ.λ.

302 1347 342 1405 et
381 1358 466 1406 cum
506 1349 677 1408 veterum
718 1334 840 1410 effatis
880 1360 927 1409 ea
964 1361 1063 1434 quae
1098 1334 1180 1434 ipse
1215 1333 1302 1408 dicit
1338 1360 1437 1408 com·

305 1470 434 1550 parat:
473 1455 631 1531 Phaedr.
675 1481 746 1553 235
765 1459 816 1531 B:
854 1467 954 1536 Τοῦτο
991 1456 1053 1562 ἐγό
1089 1489 1138 1537 σοι
1176 1453 1279 1535 οὐκέτι
1311 1453 1377 1550 οἷός
1403 1490 1435 1535 τε

303 1573 418 1680 ἔσομαι
445 1584 615 1658 πείθεσθαι.
642 1587 776 1659 παλαιοὶ
804 1577 869 1686 γὰρ
896 1587 953 1658 καὶ
981 1583 1070 1684 σοροὶ
1099 1575 1214 1683 ἄνδρες
1239 1611 1271 1657 τε
1297 1587 1353 1657 καὶ
1377 1612 1441 1684 γν-

303 1709 411 1792 ναῖκες
447 1709 513 1806 περὶ
540 1699 646 1781 αὐτῶν
672 1702 829 1808 εἰρηκότες
856 1705 914 1780 καὶ
938 1702 1129 1807 γεγραφότες
1153 1701 1359 1806 ἕξελέγξονσῖ
1379 1734 1434 1804 με,

302 1819 358 1900 εὀέν
386 1855 435 1902 σοι
464 1824 677 1930 χαριζόμενος
699 1819 912 1928 σνγχωρλ·’)
936 1840 1015 1897 tum
1039 1823 1201 1922 denique
1215 1822 1264 1896 ad
1279 1821 1434 1896 aliorum

303 1943 491 2020 doctrinas
539 1947 819 2046 investigandas
868 1945 963 2020 alios
1007 1947 1248 2020 adhortatur:
1292 1944 1434 2044 Cratyl.

305 2089 377 2160 401
399 2067 458 2141 A:
495 2073 523 2146 ει’
557 2053 614 2146 οὖν
650 2065 775 2174 βούλει,
811 2085 982 2171 σκοπῶμεν
1021 2068 1123 2174 ὥσπερ
1150 2068 1346 2172 προειπόντες
1372 2078 1438 2161 τοῖς

304 2195 398 2291 θεοῖς,
433 2190 480 2269 ότι
516 2199 583 2295 περὶ
620 2189 726 2270 αὐτῶν
762 2190 855 2270 οὐδὲν
890 2197 985 2295 ἡμεῖς
1012 2192 1198 2296 σκεψόμεθα
1226 2235 1278 2245 -
1306 2188 1344 2269 οὐ
1371 2186 1438 2294 γδιρ

304 2310 459 2416 ἀξιοῦμεν
487 2311 549 2392 οἶοί
572 2313 646 2393 τ’όιν
674 2313 755 2393 εἶναι
784 2324 912 2393 σκοπεῖν
941 2359 992 2369 -
1021 2309 1111 2391 αλλδι
1139 2320 1207 2418 περὶ
1229 2328 1292 2390 τῶν
1317 2311 1440 2416 οἷνθρόι·

304 2465 386 2535 πων,
408 2432 449 2520 ἦν
471 2434 546 2515 τινοῖ
568 2468 640 2514 ποτε
663 2435 768 2530 δόξαν
792 2434 919 2541 ἔχοντες
943 2439 1075 2514 ἐτίθεντο
1090 2430 1253 2527 αὐτοῖςτᾶ
1268 2434 1435 2538 όνόμοιτα·

302 2565 394 2634 τοῦτο
413 2552 478 2661 γὰρ
491 2558 699 2662 οἰνεμέσητον,
714 2557 763 2631 ad
778 2583 890 2655 quem
900 2556 1024 2630 locum
1034 2557 1282 2655 respicitur42
1290 2579 1309 2651 5
1324 2557 1434 2655 Bsq.:

305 2675 462 2783 Ἐοίσομεν
489 2667 561 2784 οὖν,
588 2682 610 2766 ἦ
638 2677 748 2787 βούλει
776 2677 889 2782 οὕτως,
917 2680 1002 2773 όπως
1029 2678 1070 2758 ἂν
1099 2678 1286 2783 δννῶμεθα,
1313 2685 1370 2757 καὶ
1394 2677 1434 2757 διν

302 2803 438 2909 σμικρόν
465 2838 495 2883 τι
521 2802 628 2883 αὐτῶν
657 2799 769 2883 οἷοίτ’
795 2795 880 2907 ότμεν
908 2804 1066 2906 κατιδεῖν,
1093 2805 1313 2910 ἐπιχειρῶμεν,
1336 2834 1434 2907 προει·

303 2926 427 3029 πόντες,
463 2926 564 3032 ὥσπερ
596 2930 705 3032 ὀλίγον
733 2926 885 3030 πρότερον
912 2935 978 3017 τοῖς
1006 2930 1100 3028 θεοῖς,
1128 2926 1173 3004 ότι
1201 2922 1294 3003 οὐδέν
1322 2925 1437 3018 εἰδότες

303 3063 362 3142 τῆς
392 3048 547 3144 α’ληθεῖας
572 3045 614 3129 τδι
640 3064 703 3128 τῶν
731 3047 905 3154 οῖνθρῶπων
933 3047 1091 3151 δόγματα
1118 3054 1185 3152 περὶ
1213 3044 1320 3125 αὐτῶν
1348 3044 1438 3125 εἰκοέ·

305 3183 416 3275 ζομεν,
443 3169 525 3251 οὕτω
553 3179 652 3251 κ.τ.λ.

359 3295 533 3393 Denique
556 3294 712 3369 afferam
737 3294 926 3370 Phaedon.
956 3298 1003 3391 78
1020 3294 1071 3385 A,
1096 3317 1171 3392 quo
1194 3289 1278 3364 loco
1303 3290 1434 3366 Cebeti

304 3418 471 3516 roganti:
511 3418 612 3497 Πόθεν
649 3404 720 3510 οὖν,
759 3408 784 3495 ό)
819 3417 999 3525 Σόικρατες,
1035 3433 1097 3495 τῶν
1128 3408 1278 3492 τοιοότινν
1308 3412 1433 3516 οὲγαθδν

304 3540 426 3643 ἐπῳδόν
475 3539 658 3645 ληψόμεθα,
706 3540 812 3626 ἐπειδὴ
855 3537 932 3639 αὖε)
973 3547 1064 3644 ἡμᾶς
1103 3537 1301 3638 α’πολείπεις,
1342 3536 1435 3609 haec

304 3662 508 3760 respondet
544 3663 757 3737 SOCRATES:
797 3662 910 3749 Πολλὴ
948 3660 1008 3766 μὲν
1045 3666 1066 3746 ἡ
1093 3657 1227 3761 Ἐλλοές,
1260 3651 1284 3734 όν
1313 3658 1435 3763 Κέβης,

305 3787 337 3862 ἐν
365 3780 387 3888 ᾗ
413 3783 504 3864 ένεισι
530 3818 590 3865 πον
619 3788 739 3891 ἀγαθοὶ
768 3780 897 3889 ἄνδρες,
924 3780 1032 3862 πολλοὶ
1059 3780 1096 3860 δὲ
1123 3788 1180 3859 καὶ
1202 3777 1243 3860 τᾶ
1265 3795 1328 3858 τῶν
1351 3785 1435 3885 βαρ-

305 3905 418 4012 βοῖριον
446 3910 539 4012 γένη,
567 3905 641 4003 οῖις
668 3906 836 4000 ποέντας
863 3907 946 4013 χρὴ
971 3909 1279 4009 διερευνᾶσθαι
1305 3912 1435 3998 ζητοῦν·

302 4105 407 4168 βίβλονς
432 4103 468 4164 ὥς
493 4103 648 4168 τάχιστα
674 4099 741 4163 οἷός
766 4103 791 4152 τ’
808 4099 823 4160 ἦ
839 4101 1031 4166 ἀνεγίγνωσκον,
1052 4098 1083 4148 'lv'
1106 4096 1138 4156 ὥς
1160 4095 1282 4162 τάχιστα
1304 4097 1391 4156 εῖδείην
1407 4099 1437 4148 τὸ

301 4192 439 4256 βέλτιστον
455 4193 498 4244 κοιλ
510 4194 540 4243 τὸ
553 4193 644 4257 χεῖρον.
658 4190 756 4239 lterum
771 4189 817 4253 qui
833 4188 867 4238 sit
875 4187 986 4238 aliorum
995 4184 1181 4236 sententiarum
1190 4183 1430 4249 cognoscendarum

303 4279 362 4329 finis
380 4288 498 4346 apparet.

350 4366 376 4434 ι)
394 4368 443 4417 Per
460 4365 583 4432 ironiam3
602 4364 649 4414 sed
665 4363 715 4414 hoc
735 4361 801 4413 nihil
819 4360 853 4412 οδ
870 4375 933 4410 rem.

345 4454 374 4523 2)
392 4453 434 4504 ef.
452 4453 513 4505 adn.
534 4467 545 4504 1
566 4461 592 4504 et
611 4467 671 4519 pag.
690 4448 725 4515 48
740 4451 801 4500 adn.
817 4461 841 4499 2.
859 4446 927 4497 Vide
943 4452 1076 4512 praeterea
1091 4442 1192 4494 Phileb.
1209 4440 1325 4507 28qu.
1335 4441 1431 4508 ibique

303 4539 340 4591 δε
410 4577 418 4591 .

339 4551 434 4695 wls.
457 4629 542 4678 locum
559 4628 668 4679 Thena·
690 4626 771 4692 157C
790 4639 868 4689 supra
885 4622 1027 4685 laudatum,
1046 4635 1099 4685 quo
1117 4618 1176 4669 loco
1195 4618 1334 4668 Socmsss
1352 4617 1430 4668 dicit:

300 4712 331 4761 σι
347 4711 375 4762 δλ
392 4711 527 4774 μαιεόομαι
544 4711 587 4762 καὶ
602 4710 695 4762 τούτου
712 4708 784 4759 'inm
802 4705 885 4774 ῖπβδιι
903 4714 979 4756 κει-,λ
