<?xml version="1.0" encoding="UTF-8"?>
<!DOCTYPE html PUBLIC "-//W3C//DTD XHTML 1.0 Transitional//EN"
    "http://www.w3.org/TR/xhtml1/DTD/xhtml1-transitional.dtd">
<html xmlns="http://www.w3.org/1999/xhtml" xml:lang="en" lang="en">
 <head>
  <title>
</title>
<meta http-equiv="Content-Type" content="text/html;charset=utf-8" />
  <meta name='ocr-system' content='tesseract 3.04.00' />
  <meta name='ocr-capabilities' content='ocr_page ocr_carea ocr_par ocr_line ocrx_word'/>
</head>
<body>
  <div class='ocr_page' id='page_1' title='image "./deplatonepraeso02woltgoog_0215.png"; bbox 0 0 3717 5575; ppageno 0'>
   <div class='ocr_carea' id='block_1_1' title="bbox 838 617 909 688">
    <p class='ocr_par' dir='ltr' id='par_1_1' title="bbox 838 617 909 688">
     <span class='ocr_line' id='line_1_1' title="bbox 838 617 909 688; baseline 0 0"><span class='ocrx_word' id='word_1_1' title='bbox 838 617 909 688; x_wconf 86' lang='lat'>199</span> 
     </span>
    </p>
   </div>
   <div class='ocr_carea' id='block_1_2' title="bbox 303 793 1450 2610">
    <p class='ocr_par' dir='ltr' id='par_1_2' title="bbox 303 793 1438 1751">
     <span class='ocr_line' id='line_1_2' title="bbox 359 793 1436 892; baseline 0.002 -26"><span class='ocrx_word' id='word_1_2' title='bbox 359 794 470 888; x_wconf 82' lang='lat' dir='ltr'><strong>Quae</strong></span> <span class='ocrx_word' id='word_1_3' title='bbox 507 819 590 868; x_wconf 89' lang='lat' dir='ltr'>cum</span> <span class='ocrx_word' id='word_1_4' title='bbox 627 793 678 868; x_wconf 89' lang='lat' dir='ltr'>ita</span> <span class='ocrx_word' id='word_1_5' title='bbox 714 793 798 884; x_wconf 91' lang='lat' dir='ltr'>sint,</span> <span class='ocrx_word' id='word_1_6' title='bbox 836 794 925 891; x_wconf 92' lang='lat' dir='ltr'>quid</span> <span class='ocrx_word' id='word_1_7' title='bbox 962 809 1031 884; x_wconf 88' lang='lat' dir='ltr'>est,</span> <span class='ocrx_word' id='word_1_8' title='bbox 1068 819 1133 868; x_wconf 90' lang='lat' dir='ltr'>cur</span> <span class='ocrx_word' id='word_1_9' title='bbox 1164 794 1213 867; x_wconf 93' lang='lat' dir='ltr'>ad</span> <span class='ocrx_word' id='word_1_10' title='bbox 1242 794 1436 892; x_wconf 82' lang='lat' dir='ltr'>Orpheum</span> 
     </span>
     <span class='ocr_line' id='line_1_3' title="bbox 304 915 1437 1007; baseline 0.002 -19"><span class='ocrx_word' id='word_1_11' title='bbox 304 915 507 990; x_wconf 81' lang='lat' dir='ltr'>reseramus</span> <span class='ocrx_word' id='word_1_12' title='bbox 529 915 664 1007; x_wconf 89' lang='lat' dir='ltr'>locum,</span> <span class='ocrx_word' id='word_1_13' title='bbox 689 917 737 991; x_wconf 95' lang='lat' dir='ltr'>de</span> <span class='ocrx_word' id='word_1_14' title='bbox 763 915 934 991; x_wconf 84' lang='lat' dir='ltr'>Hesiodo</span> <span class='ocrx_word' id='word_1_15' title='bbox 949 960 1001 971; x_wconf 95' lang='lat'><em>-</em></span> <span class='ocrx_word' id='word_1_16' title='bbox 1016 915 1227 991; x_wconf 74' lang='lat' dir='ltr'>Scuusrniu</span> <span class='ocrx_word' id='word_1_17' title='bbox 1241 916 1339 989; x_wconf 92' lang='lat' dir='ltr'>enim</span> <span class='ocrx_word' id='word_1_18' title='bbox 1354 931 1437 990; x_wconf 90' lang='lat' dir='ltr'>utar</span> 
     </span>
     <span class='ocr_line' id='line_1_4' title="bbox 303 1036 1437 1138; baseline 0.002 -27"><span class='ocrx_word' id='word_1_19' title='bbox 303 1038 427 1112; x_wconf 87' lang='lat' dir='ltr'>verbis</span> <span class='ocrx_word' id='word_1_20' title='bbox 438 1036 466 1134; x_wconf 85' lang='lat'>¹)</span> <span class='ocrx_word' id='word_1_21' title='bbox 480 1083 532 1094; x_wconf 93' lang='lat'>—</span> <span class='ocrx_word' id='word_1_22' title='bbox 546 1064 593 1112; x_wconf 94' lang='lat' dir='ltr'>ne</span> <span class='ocrx_word' id='word_1_23' title='bbox 603 1039 782 1136; x_wconf 87' lang='lat' dir='ltr'>imprimis</span> <span class='ocrx_word' id='word_1_24' title='bbox 792 1039 944 1136; x_wconf 91' lang='lat' dir='ltr'>quidem</span> <span class='ocrx_word' id='word_1_25' title='bbox 954 1039 1195 1138; x_wconf 89' lang='lat' dir='ltr'>cogitandum</span> <span class='ocrx_word' id='word_1_26' title='bbox 1206 1065 1289 1113; x_wconf 89' lang='lat' dir='ltr'>esse</span> <span class='ocrx_word' id='word_1_27' title='bbox 1298 1054 1437 1113; x_wconf 90' lang='lat' dir='ltr'>statua·</span> 
     </span>
     <span class='ocr_line' id='line_1_5' title="bbox 305 1160 1436 1260; baseline 0.001 -27"><span class='ocrx_word' id='word_1_28' title='bbox 305 1163 408 1235; x_wconf 89' lang='lat' dir='ltr'>mus?</span> <span class='ocrx_word' id='word_1_29' title='bbox 445 1161 639 1258; x_wconf 84' lang='lat' dir='ltr'>Orpheum</span> <span class='ocrx_word' id='word_1_30' title='bbox 675 1160 873 1260; x_wconf 89' lang='lat' dir='ltr'>significari</span> <span class='ocrx_word' id='word_1_31' title='bbox 907 1187 955 1235; x_wconf 89' lang='lat' dir='ltr'>ne</span> <span class='ocrx_word' id='word_1_32' title='bbox 989 1178 1175 1259; x_wconf 89' lang='lat' dir='ltr'>putemus,</span> <span class='ocrx_word' id='word_1_33' title='bbox 1205 1160 1321 1236; x_wconf 91' lang='lat' dir='ltr'>multa</span> <span class='ocrx_word' id='word_1_34' title='bbox 1347 1162 1436 1235; x_wconf 87' lang='lat' dir='ltr'>vidi·</span> 
     </span>
     <span class='ocr_line' id='line_1_6' title="bbox 304 1282 1437 1383; baseline 0.002 -27"><span class='ocrx_word' id='word_1_35' title='bbox 304 1309 386 1357; x_wconf 92' lang='lat' dir='ltr'>mus</span> <span class='ocrx_word' id='word_1_36' title='bbox 422 1283 593 1358; x_wconf 89' lang='lat' dir='ltr'>obstare:</span> <span class='ocrx_word' id='word_1_37' title='bbox 626 1282 793 1383; x_wconf 89' lang='lat' dir='ltr'>vulgaris</span> <span class='ocrx_word' id='word_1_38' title='bbox 819 1300 947 1358; x_wconf 90' lang='lat' dir='ltr'>autem</span> <span class='ocrx_word' id='word_1_39' title='bbox 975 1284 1202 1383; x_wconf 85' lang='lat' dir='ltr'>theogoniae</span> <span class='ocrx_word' id='word_1_40' title='bbox 1231 1294 1369 1382; x_wconf 74' lang='lat' dir='ltr'>poetae</span> <span class='ocrx_word' id='word_1_41' title='bbox 1397 1299 1437 1358; x_wconf 94' lang='lat' dir='ltr'>ut</span> 
     </span>
     <span class='ocr_line' id='line_1_7' title="bbox 304 1406 1436 1504; baseline 0.003 -25"><span class='ocrx_word' id='word_1_42' title='bbox 304 1422 529 1504; x_wconf 83' lang='lat' dir='ltr'>spectentur,</span> <span class='ocrx_word' id='word_1_43' title='bbox 554 1451 605 1462; x_wconf 90' lang='lat'>-</span> <span class='ocrx_word' id='word_1_44' title='bbox 633 1406 842 1481; x_wconf 89' lang='lat' dir='ltr'>Hesiodum</span> <span class='ocrx_word' id='word_1_45' title='bbox 866 1407 1044 1504; x_wconf 90' lang='lat' dir='ltr'>imprimis</span> <span class='ocrx_word' id='word_1_46' title='bbox 1063 1409 1145 1482; x_wconf 87' lang='lat' dir='ltr'>dico</span> <span class='ocrx_word' id='word_1_47' title='bbox 1160 1424 1198 1482; x_wconf 89' lang='lat' dir='ltr'>et</span> <span class='ocrx_word' id='word_1_48' title='bbox 1215 1408 1436 1500; x_wconf 88' lang='lat' dir='ltr'>Homerum,</span> 
     </span>
     <span class='ocr_line' id='line_1_8' title="bbox 306 1527 1438 1628; baseline 0.004 -27"><span class='ocrx_word' id='word_1_49' title='bbox 306 1527 353 1601; x_wconf 91' lang='lat' dir='ltr'>de</span> <span class='ocrx_word' id='word_1_50' title='bbox 382 1529 515 1626; x_wconf 92' lang='lat' dir='ltr'>quibus</span> <span class='ocrx_word' id='word_1_51' title='bbox 537 1529 702 1627; x_wconf 88' lang='lat' dir='ltr'>cogitare</span> <span class='ocrx_word' id='word_1_52' title='bbox 726 1530 843 1604; x_wconf 91' lang='lat' dir='ltr'>multo</span> <span class='ocrx_word' id='word_1_53' title='bbox 868 1530 990 1628; x_wconf 88' lang='lat' dir='ltr'>magis</span> <span class='ocrx_word' id='word_1_54' title='bbox 1012 1546 1070 1603; x_wconf 91' lang='lat' dir='ltr'>est</span> <span class='ocrx_word' id='word_1_55' title='bbox 1084 1531 1119 1603; x_wconf 94' lang='lat' dir='ltr'>in</span> <span class='ocrx_word' id='word_1_56' title='bbox 1135 1548 1310 1628; x_wconf 91' lang='lat' dir='ltr'>promptu</span> <span class='ocrx_word' id='word_1_57' title='bbox 1324 1556 1438 1628; x_wconf 93' lang='lat' dir='ltr'>quam</span> 
     </span>
     <span class='ocr_line' id='line_1_9' title="bbox 307 1650 1099 1751; baseline 0.004 -28"><span class='ocrx_word' id='word_1_58' title='bbox 307 1650 355 1724; x_wconf 89' lang='lat' dir='ltr'>de</span> <span class='ocrx_word' id='word_1_59' title='bbox 383 1650 539 1748; x_wconf 93' lang='lat' dir='ltr'>Orpheo</span> <span class='ocrx_word' id='word_1_60' title='bbox 567 1695 630 1743; x_wconf 88' lang='lat'>-‚</span> <span class='ocrx_word' id='word_1_61' title='bbox 659 1678 724 1726; x_wconf 89' lang='lat' dir='ltr'>cur</span> <span class='ocrx_word' id='word_1_62' title='bbox 751 1651 828 1726; x_wconf 81' lang='lat' dir='ltr'>fien’</span> <span class='ocrx_word' id='word_1_63' title='bbox 857 1677 930 1726; x_wconf 89' lang='lat' dir='ltr'>nou</span> <span class='ocrx_word' id='word_1_64' title='bbox 960 1653 1099 1751; x_wconf 87' lang='lat' dir='ltr'>possit?</span> 
     </span>
    </p>

    <p class='ocr_par' dir='ltr' id='par_1_3' title="bbox 304 1771 1439 1995">
     <span class='ocr_line' id='line_1_10' title="bbox 358 1771 1439 1874; baseline 0.004 -29"><span class='ocrx_word' id='word_1_65' title='bbox 358 1771 513 1871; x_wconf 92' lang='lat' dir='ltr'>Ecquae</span> <span class='ocrx_word' id='word_1_66' title='bbox 527 1774 578 1847; x_wconf 90' lang='lat' dir='ltr'>ita</span> <span class='ocrx_word' id='word_1_67' title='bbox 593 1791 747 1850; x_wconf 93' lang='lat' dir='ltr'>manent</span> <span class='ocrx_word' id='word_1_68' title='bbox 760 1775 930 1867; x_wconf 90' lang='lat' dir='ltr'>obscura,</span> <span class='ocrx_word' id='word_1_69' title='bbox 942 1800 1085 1872; x_wconf 88' lang='lat' dir='ltr'>ecquae</span> <span class='ocrx_word' id='word_1_70' title='bbox 1095 1775 1285 1874; x_wconf 90' lang='lat' dir='ltr'>ambigua,</span> <span class='ocrx_word' id='word_1_71' title='bbox 1296 1800 1439 1872; x_wconf 86' lang='lat' dir='ltr'>ecquae</span> 
     </span>
     <span class='ocr_line' id='line_1_11' title="bbox 304 1895 722 1995; baseline 0.007 -27"><span class='ocrx_word' id='word_1_72' title='bbox 304 1895 398 1970; x_wconf 91' lang='lat' dir='ltr'>inter</span> <span class='ocrx_word' id='word_1_73' title='bbox 425 1922 467 1970; x_wconf 92' lang='lat' dir='ltr'>se</span> <span class='ocrx_word' id='word_1_74' title='bbox 494 1898 722 1995; x_wconf 85' lang='lat' dir='ltr'>pugnantia?</span> 
     </span>
    </p>

    <p class='ocr_par' dir='ltr' id='par_1_4' title="bbox 305 1998 1450 2610">
     <span class='ocr_line' id='line_1_12' title="bbox 359 1998 1450 2118; baseline 0.004 -29"><span class='ocrx_word' id='word_1_75' title='bbox 359 2017 479 2092; x_wconf 88' lang='lat' dir='ltr'>immo</span> <span class='ocrx_word' id='word_1_76' title='bbox 506 2019 577 2092; x_wconf 94' lang='lat' dir='ltr'>hac</span> <span class='ocrx_word' id='word_1_77' title='bbox 605 2020 747 2094; x_wconf 88' lang='lat' dir='ltr'>ratione</span> <span class='ocrx_word' id='word_1_78' title='bbox 771 2020 1055 2118; x_wconf 88' lang='lat' dir='ltr'>explicationem</span> <span class='ocrx_word' id='word_1_79' title='bbox 1079 2020 1193 2095; x_wconf 91' lang='lat' dir='ltr'>habet</span> <span class='ocrx_word' id='word_1_80' title='bbox 1216 2021 1330 2094; x_wconf 91' lang='lat' dir='ltr'>etiam</span> <span class='ocrx_word' id='word_1_81' title='bbox 1344 1998 1450 2095; x_wconf 23' lang='lat' dir='ltr'>haec·</span> 
     </span>
     <span class='ocr_line' id='line_1_13' title="bbox 305 2141 1435 2240; baseline 0.004 -27"><span class='ocrx_word' id='word_1_82' title='bbox 305 2141 488 2238; x_wconf 85' lang='lat' dir='ltr'>quaestio,</span> <span class='ocrx_word' id='word_1_83' title='bbox 507 2168 570 2216; x_wconf 91' lang='lat' dir='ltr'>cur</span> <span class='ocrx_word' id='word_1_84' title='bbox 584 2143 795 2216; x_wconf 88' lang='lat' dir='ltr'>universam</span> <span class='ocrx_word' id='word_1_85' title='bbox 809 2143 906 2217; x_wconf 89' lang='lat' dir='ltr'>hanc</span> <span class='ocrx_word' id='word_1_86' title='bbox 920 2159 1066 2240; x_wconf 77' lang='lat' dir='ltr'>partem</span> <span class='ocrx_word' id='word_1_87' title='bbox 1080 2143 1272 2217; x_wconf 88' lang='lat' dir='ltr'>inseruerit</span> <span class='ocrx_word' id='word_1_88' title='bbox 1287 2143 1435 2217; x_wconf 77' lang='lat' dir='ltr'>Pnnro:</span> 
     </span>
     <span class='ocr_line' id='line_1_14' title="bbox 306 2264 1436 2361; baseline 0.004 -25"><span class='ocrx_word' id='word_1_89' title='bbox 306 2264 408 2337; x_wconf 91' lang='lat' dir='ltr'>cuius</span> <span class='ocrx_word' id='word_1_90' title='bbox 431 2265 546 2361; x_wconf 91' lang='lat' dir='ltr'>partis</span> <span class='ocrx_word' id='word_1_91' title='bbox 569 2266 754 2339; x_wconf 89' lang='lat' dir='ltr'>sententia</span> <span class='ocrx_word' id='word_1_92' title='bbox 775 2265 847 2339; x_wconf 89' lang='lat' dir='ltr'>huc</span> <span class='ocrx_word' id='word_1_93' title='bbox 869 2266 1017 2339; x_wconf 92' lang='lat' dir='ltr'>videtur</span> <span class='ocrx_word' id='word_1_94' title='bbox 1040 2265 1178 2339; x_wconf 91' lang='lat' dir='ltr'>redire:</span> <span class='ocrx_word' id='word_1_95' title='bbox 1194 2265 1436 2340; x_wconf 90' lang='lat' dir='ltr'>hactenusde</span> 
     </span>
     <span class='ocr_line' id='line_1_15' title="bbox 306 2386 1439 2486; baseline 0.004 -28"><span class='ocrx_word' id='word_1_96' title='bbox 306 2386 433 2459; x_wconf 94' lang='lat' dir='ltr'>mundi</span> <span class='ocrx_word' id='word_1_97' title='bbox 469 2388 611 2486; x_wconf 87' lang='lat' dir='ltr'>origine</span> <span class='ocrx_word' id='word_1_98' title='bbox 648 2403 686 2462; x_wconf 90' lang='lat' dir='ltr'>et</span> <span class='ocrx_word' id='word_1_99' title='bbox 713 2388 762 2462; x_wconf 93' lang='lat' dir='ltr'>de</span> <span class='ocrx_word' id='word_1_100' title='bbox 790 2388 858 2461; x_wconf 90' lang='lat' dir='ltr'>diis</span> <span class='ocrx_word' id='word_1_101' title='bbox 886 2387 1109 2463; x_wconf 91' lang='lat' dir='ltr'>caelestibus</span> <span class='ocrx_word' id='word_1_102' title='bbox 1135 2413 1281 2461; x_wconf 91' lang='lat' dir='ltr'>summo</span> <span class='ocrx_word' id='word_1_103' title='bbox 1310 2386 1439 2462; x_wconf 90' lang='lat' dir='ltr'>labore</span> 
     </span>
     <span class='ocr_line' id='line_1_16' title="bbox 307 2506 1439 2610; baseline 0.003 -29"><span class='ocrx_word' id='word_1_104' title='bbox 307 2506 598 2605; x_wconf 89' lang='lat' dir='ltr'>disputavimus:</span> <span class='ocrx_word' id='word_1_105' title='bbox 637 2535 706 2584; x_wconf 92' lang='lat' dir='ltr'>vos</span> <span class='ocrx_word' id='word_1_106' title='bbox 743 2510 906 2607; x_wconf 88' lang='lat' dir='ltr'>quidem,</span> <span class='ocrx_word' id='word_1_107' title='bbox 944 2508 1120 2608; x_wconf 91' lang='lat' dir='ltr'>vulgares</span> <span class='ocrx_word' id='word_1_108' title='bbox 1147 2521 1296 2607; x_wconf 73' lang='lat' dir='ltr'>poetae,</span> <span class='ocrx_word' id='word_1_109' title='bbox 1325 2510 1439 2610; x_wconf 89' lang='lat' dir='ltr'>longe</span> 
     </span>
    </p>
   </div>
   <div class='ocr_carea' id='block_1_3' title="bbox 307 2723 1441 3229">
    <p class='ocr_par' dir='ltr' id='par_1_5' title="bbox 307 2723 1441 3050">
     <span class='ocr_line' id='line_1_17' title="bbox 353 2723 1439 2791; baseline 0.001 -19"><span class='ocrx_word' id='word_1_110' title='bbox 353 2723 405 2773; x_wconf 88' lang='lat' dir='ltr'>Hic</span> <span class='ocrx_word' id='word_1_111' title='bbox 424 2738 531 2790; x_wconf 88' lang='lat' dir='ltr'>quoque</span> <span class='ocrx_word' id='word_1_112' title='bbox 549 2731 578 2774; x_wconf 87' lang='lat' dir='ltr'>nt</span> <span class='ocrx_word' id='word_1_113' title='bbox 596 2723 667 2790; x_wconf 79' lang='lat' dir='ltr'>apud</span> <span class='ocrx_word' id='word_1_114' title='bbox 682 2724 830 2774; x_wconf 77' lang='lat' dir='ltr'>Hmromm</span> <span class='ocrx_word' id='word_1_115' title='bbox 847 2725 939 2775; x_wconf 73' lang='lat' dir='ltr'>Musae</span> <span class='ocrx_word' id='word_1_116' title='bbox 953 2740 1012 2774; x_wconf 90' lang='lat' dir='ltr'>cnm</span> <span class='ocrx_word' id='word_1_117' title='bbox 1022 2724 1148 2791; x_wconf 81' lang='lat' dir='ltr'>Apolline</span> <span class='ocrx_word' id='word_1_118' title='bbox 1157 2725 1308 2791; x_wconf 83' lang='lat' dir='ltr'>iunguntur.</span> <span class='ocrx_word' id='word_1_119' title='bbox 1319 2724 1439 2774; x_wconf 86' lang='lat' dir='ltr'>Ceterum</span> 
     </span>
     <span class='ocr_line' id='line_1_18' title="bbox 309 2806 1441 2878; baseline 0.002 -19"><span class='ocrx_word' id='word_1_120' title='bbox 309 2811 381 2875; x_wconf 91' lang='lat' dir='ltr'>quod</span> <span class='ocrx_word' id='word_1_121' title='bbox 397 2810 429 2861; x_wconf 89' lang='lat' dir='ltr'>de</span> <span class='ocrx_word' id='word_1_122' title='bbox 448 2811 570 2861; x_wconf 80' lang='lat' dir='ltr'>omnibus</span> <span class='ocrx_word' id='word_1_123' title='bbox 587 2806 679 2865; x_wconf 63' lang='grc' dir='ltr'>ἀοιδοῖς</span> <span class='ocrx_word' id='word_1_124' title='bbox 697 2811 793 2862; x_wconf 86' lang='lat' dir='ltr'>dicitur</span> <span class='ocrx_word' id='word_1_125' title='bbox 810 2811 851 2862; x_wconf 85' lang='lat' dir='ltr'>his</span> <span class='ocrx_word' id='word_1_126' title='bbox 869 2812 997 2878; x_wconf 78' lang='lat' dir='ltr'>versibus,</span> <span class='ocrx_word' id='word_1_127' title='bbox 1014 2811 1048 2862; x_wconf 85' lang='lat' dir='ltr'>ad</span> <span class='ocrx_word' id='word_1_128' title='bbox 1063 2827 1144 2861; x_wconf 88' lang='lat' dir='ltr'>unum</span> <span class='ocrx_word' id='word_1_129' title='bbox 1160 2811 1295 2876; x_wconf 87' lang='lat' dir='ltr'>Orpheum</span> <span class='ocrx_word' id='word_1_130' title='bbox 1309 2810 1441 2861; x_wconf 77' lang='lat' dir='ltr'>transferri</span> 
     </span>
     <span class='ocr_line' id='line_1_19' title="bbox 308 2896 1438 2964; baseline -0.001 -17"><span class='ocrx_word' id='word_1_131' title='bbox 308 2896 410 2947; x_wconf 83' lang='lat' dir='ltr'>videtur</span> <span class='ocrx_word' id='word_1_132' title='bbox 428 2913 443 2947; x_wconf 82' lang='lat' dir='ltr'>a</span> <span class='ocrx_word' id='word_1_133' title='bbox 461 2898 596 2964; x_wconf 73' lang='lat' dir='ltr'>Prunnno,</span> <span class='ocrx_word' id='word_1_134' title='bbox 615 2898 690 2962; x_wconf 83' lang='lat' dir='ltr'>Pyth.</span> <span class='ocrx_word' id='word_1_135' title='bbox 706 2898 754 2964; x_wconf 87' lang='lat' dir='ltr'>IV,</span> <span class='ocrx_word' id='word_1_136' title='bbox 773 2896 890 2963; x_wconf 75' lang='lat' dir='ltr'>176(en.</span> <span class='ocrx_word' id='word_1_137' title='bbox 907 2898 1075 2948; x_wconf 68' lang='lat' dir='ltr'>scurronum</span> <span class='ocrx_word' id='word_1_138' title='bbox 1085 2897 1203 2964; x_wconf 65' lang='lat' dir='ltr'>[Bmorq</span> <span class='ocrx_word' id='word_1_139' title='bbox 1213 2899 1285 2948; x_wconf 85' lang='lat' dir='ltr'>Poet.</span> <span class='ocrx_word' id='word_1_140' title='bbox 1296 2897 1400 2962; x_wconf 78' lang='lat' dir='ltr'>Lyr.⁸1,</span> <span class='ocrx_word' id='word_1_141' title='bbox 1413 2896 1438 2963; x_wconf 92' lang='lat'>1]</span> 
     </span>
     <span class='ocr_line' id='line_1_20' title="bbox 307 2983 1118 3050; baseline -0.002 -2"><span class='ocrx_word' id='word_1_142' title='bbox 307 2983 459 3050; x_wconf 70' lang='lat'>1³²8·213)²</span> <span class='ocrx_word' id='word_1_143' title='bbox 1115 3041 1118 3046; x_wconf 24' lang='lat'><strong>⁴</strong></span> 
     </span>
    </p>

    <p class='ocr_par' dir='ltr' id='par_1_6' title="bbox 546 3081 1177 3229">
     <span class='ocr_line' id='line_1_21' title="bbox 546 3081 1177 3150; baseline -0.002 -17"><span class='ocrx_word' id='word_1_144' title='bbox 546 3082 574 3150; x_wconf 71' lang='grc' dir='ltr'>ἔξ</span> <span class='ocrx_word' id='word_1_145' title='bbox 591 3085 750 3142; x_wconf 65' lang='grc' dir='ltr'>Ἀπόλλωνος</span> <span class='ocrx_word' id='word_1_146' title='bbox 767 3082 794 3134; x_wconf 63' lang='grc' dir='ltr'>δὲ</span> <span class='ocrx_word' id='word_1_147' title='bbox 812 3085 974 3147; x_wconf 69' lang='grc' dir='ltr'>Φοιμιγιιτὶις</span> <span class='ocrx_word' id='word_1_148' title='bbox 990 3081 1077 3134; x_wconf 65' lang='grc' dir='ltr'><strong><em>ἀοιδᾶν</em></strong></span> <span class='ocrx_word' id='word_1_149' title='bbox 1094 3081 1177 3145; x_wconf 71' lang='grc' dir='ltr'><strong><em>πατήρ</em></strong></span> 
     </span>
     <span class='ocr_line' id='line_1_22' title="bbox 546 3164 918 3229; baseline -0.003 -14"><span class='ocrx_word' id='word_1_150' title='bbox 546 3164 644 3229; x_wconf 67' lang='lat' dir='ltr'>imm,</span> <span class='ocrx_word' id='word_1_151' title='bbox 661 3164 787 3225; x_wconf 71' lang='lat' dir='ltr'>uialmoe</span> <span class='ocrx_word' id='word_1_152' title='bbox 806 3164 918 3229; x_wconf 73' lang='grc' dir='ltr'>Ὀρφεύς,</span> 
     </span>
    </p>
   </div>
   <div class='ocr_carea' id='block_1_4' title="bbox 306 3280 1445 3687">
    <p class='ocr_par' dir='ltr' id='par_1_7' title="bbox 306 3280 1445 3687">
     <span class='ocr_line' id='line_1_23' title="bbox 306 3280 1442 3348; baseline -0.001 -16"><span class='ocrx_word' id='word_1_153' title='bbox 306 3282 380 3332; x_wconf 84' lang='lat' dir='ltr'>cuius</span> <span class='ocrx_word' id='word_1_154' title='bbox 399 3282 451 3332; x_wconf 87' lang='lat' dir='ltr'>loci</span> <span class='ocrx_word' id='word_1_155' title='bbox 471 3280 564 3332; x_wconf 83' lang='lat' dir='ltr'>similis</span> <span class='ocrx_word' id='word_1_156' title='bbox 583 3289 622 3332; x_wconf 84' lang='lat' dir='ltr'>est</span> <span class='ocrx_word' id='word_1_157' title='bbox 641 3283 706 3333; x_wconf 75' lang='lat' dir='ltr'>ratio</span> <span class='ocrx_word' id='word_1_158' title='bbox 725 3291 804 3348; x_wconf 80' lang='lat' dir='ltr'>atque</span> <span class='ocrx_word' id='word_1_159' title='bbox 823 3282 941 3331; x_wconf 79' lang='lat' dir='ltr'>Hnswm</span> <span class='ocrx_word' id='word_1_160' title='bbox 959 3291 985 3332; x_wconf 87' lang='lat' dir='ltr'>et</span> <span class='ocrx_word' id='word_1_161' title='bbox 1005 3282 1128 3331; x_wconf 73' lang='lat' dir='ltr'>Hostum.</span> <span class='ocrx_word' id='word_1_162' title='bbox 1148 3282 1244 3347; x_wconf 85' lang='lat' dir='ltr'>Utique</span> <span class='ocrx_word' id='word_1_163' title='bbox 1261 3282 1354 3331; x_wconf 87' lang='lat' dir='ltr'>horum</span> <span class='ocrx_word' id='word_1_164' title='bbox 1372 3281 1442 3331; x_wconf 91' lang='lat' dir='ltr'>loco·</span> 
     </span>
     <span class='ocr_line' id='line_1_24' title="bbox 307 3368 1443 3435; baseline -0.001 -16"><span class='ocrx_word' id='word_1_165' title='bbox 307 3385 363 3419; x_wconf 86' lang='lat' dir='ltr'>rum</span> <span class='ocrx_word' id='word_1_166' title='bbox 387 3369 475 3419; x_wconf 84' lang='lat' dir='ltr'>nullus</span> <span class='ocrx_word' id='word_1_167' title='bbox 499 3368 533 3419; x_wconf 80' lang='lat' dir='ltr'>ad</span> <span class='ocrx_word' id='word_1_168' title='bbox 557 3369 671 3419; x_wconf 74' lang='lat' dir='ltr'>litteram</span> <span class='ocrx_word' id='word_1_169' title='bbox 696 3369 799 3419; x_wconf 86' lang='lat' dir='ltr'>videtur</span> <span class='ocrx_word' id='word_1_170' title='bbox 822 3370 1034 3434; x_wconf 81' lang='lat' dir='ltr'>interpretandus</span> <span class='ocrx_word' id='word_1_171' title='bbox 1060 3384 1130 3435; x_wconf 79' lang='lat' dir='ltr'>esse3</span> <span class='ocrx_word' id='word_1_172' title='bbox 1155 3369 1244 3434; x_wconf 81' lang='lat' dir='ltr'>itaque</span> <span class='ocrx_word' id='word_1_173' title='bbox 1261 3370 1317 3419; x_wconf 88' lang='lat' dir='ltr'>iure</span> <span class='ocrx_word' id='word_1_174' title='bbox 1335 3368 1443 3419; x_wconf 74' lang='lat' dir='ltr'>sortasse</span> 
     </span>
     <span class='ocr_line' id='line_1_25' title="bbox 306 3447 1445 3523; baseline -0.004 -18"><span class='ocrx_word' id='word_1_175' title='bbox 306 3455 435 3506; x_wconf 78' lang='lat' dir='ltr'>scholium</span> <span class='ocrx_word' id='word_1_176' title='bbox 460 3455 592 3521; x_wconf 79' lang='lat' dir='ltr'>quoddam</span> <span class='ocrx_word' id='word_1_177' title='bbox 615 3455 650 3506; x_wconf 81' lang='lat' dir='ltr'>ad</span> <span class='ocrx_word' id='word_1_178' title='bbox 671 3456 894 3507; x_wconf 63' lang='lat' dir='ltr'>maniniocum</span> <span class='ocrx_word' id='word_1_179' title='bbox 913 3455 1104 3523; x_wconf 71' lang='lat' dir='ltr'>(Ammonius):</span> <span class='ocrx_word' id='word_1_180' title='bbox 1123 3451 1204 3515; x_wconf 64' lang='lat' dir='ltr'>dome</span> <span class='ocrx_word' id='word_1_181' title='bbox 1223 3447 1264 3502; x_wconf 70' lang='lat' dir='ltr'>niv</span> <span class='ocrx_word' id='word_1_182' title='bbox 1283 3451 1311 3501; x_wconf 73' lang='lat' dir='ltr'>ix</span> <span class='ocrx_word' id='word_1_183' title='bbox 1328 3454 1385 3511; x_wconf 74' lang='grc' dir='ltr'>Διδς</span> <span class='ocrx_word' id='word_1_184' title='bbox 1402 3450 1445 3502; x_wconf 72' lang='grc' dir='ltr'>λί-</span> 
     </span>
     <span class='ocr_line' id='line_1_26' title="bbox 306 3535 1445 3604; baseline -0.001 -15"><span class='ocrx_word' id='word_1_185' title='bbox 306 3556 394 3604; x_wconf 76' lang='grc' dir='ltr'><strong><em>γονσιν</em></strong></span> <span class='ocrx_word' id='word_1_186' title='bbox 412 3535 473 3589; x_wconf 78' lang='lat' dir='ltr'>tim</span> <span class='ocrx_word' id='word_1_187' title='bbox 491 3540 552 3597; x_wconf 70' lang='grc' dir='ltr'>τοὺς</span> <span class='ocrx_word' id='word_1_188' title='bbox 569 3538 692 3602; x_wconf 69' lang='grc' dir='ltr'>βασιλέως</span> <span class='ocrx_word' id='word_1_189' title='bbox 709 3538 758 3603; x_wconf 66' lang='grc' dir='ltr'>οὐχ</span> <span class='ocrx_word' id='word_1_190' title='bbox 776 3539 816 3589; x_wconf 63' lang='grc' dir='ltr'>ἔτι</span> <span class='ocrx_word' id='word_1_191' title='bbox 832 3541 900 3603; x_wconf 71' lang='lat' dir='ltr'>ydros</span> <span class='ocrx_word' id='word_1_192' title='bbox 917 3538 969 3590; x_wconf 75' lang='lat' dir='ltr'>eici</span> <span class='ocrx_word' id='word_1_193' title='bbox 984 3542 1030 3589; x_wconf 70' lang='grc' dir='ltr'>τοῦ</span> <span class='ocrx_word' id='word_1_194' title='bbox 1045 3541 1109 3599; x_wconf 75' lang='grc' dir='ltr'><strong><em>Διός,</em></strong></span> <span class='ocrx_word' id='word_1_195' title='bbox 1124 3539 1185 3589; x_wconf 67' lang='grc' dir='ltr'>ἀλλ’</span> <span class='ocrx_word' id='word_1_196' title='bbox 1200 3539 1240 3589; x_wconf 69' lang='grc' dir='ltr'>ὅτι</span> <span class='ocrx_word' id='word_1_197' title='bbox 1255 3540 1286 3589; x_wconf 76' lang='grc' dir='ltr'>τὸ</span> <span class='ocrx_word' id='word_1_198' title='bbox 1301 3537 1445 3601; x_wconf 70' lang='grc' dir='ltr'>βασιλεύειν</span> 
     </span>
     <span class='ocr_line' id='line_1_27' title="bbox 308 3617 1444 3687; baseline 0.004 -16"><span class='ocrx_word' id='word_1_199' title='bbox 308 3619 336 3671; x_wconf 79' lang='lat' dir='ltr'>ix</span> <span class='ocrx_word' id='word_1_200' title='bbox 354 3623 411 3680; x_wconf 71' lang='lat' dir='ltr'>Acie</span> <span class='ocrx_word' id='word_1_201' title='bbox 426 3619 540 3686; x_wconf 64' lang='lat' dir='ltr'>izorio-cv,</span> <span class='ocrx_word' id='word_1_202' title='bbox 558 3621 637 3681; x_wconf 67' lang='lat' dir='ltr'>nicee</span> <span class='ocrx_word' id='word_1_203' title='bbox 653 3620 679 3687; x_wconf 69' lang='grc' dir='ltr'>ἒξ</span> <span class='ocrx_word' id='word_1_204' title='bbox 695 3623 852 3680; x_wconf 67' lang='grc' dir='ltr'>Ἀπόλλωνος</span> <span class='ocrx_word' id='word_1_205' title='bbox 865 3621 1003 3685; x_wconf 55' lang='lat' dir='ltr'>eupaterio</span> <span class='ocrx_word' id='word_1_206' title='bbox 1017 3620 1093 3670; x_wconf 69' lang='grc' dir='ltr'><strong><em>αὐτὸν</em></strong></span> <span class='ocrx_word' id='word_1_207' title='bbox 1108 3617 1183 3680; x_wconf 70' lang='grc' dir='ltr'><strong>εἶπεν,</strong></span> <span class='ocrx_word' id='word_1_208' title='bbox 1198 3625 1284 3674; x_wconf 85' lang='lat' dir='ltr'>minus</span> <span class='ocrx_word' id='word_1_209' title='bbox 1294 3632 1362 3675; x_wconf 85' lang='lat' dir='ltr'>recte</span> <span class='ocrx_word' id='word_1_210' title='bbox 1372 3624 1444 3674; x_wconf 78' lang='lat' dir='ltr'>aliud</span> 
     </span>
    </p>
   </div>
   <div class='ocr_carea' id='block_1_5' title="bbox 309 3705 1446 4648">
    <p class='ocr_par' dir='ltr' id='par_1_8' title="bbox 309 3705 1446 4648">
     <span class='ocr_line' id='line_1_28' title="bbox 310 3705 1446 3774; baseline -0.005 -11"><span class='ocrx_word' id='word_1_211' title='bbox 310 3712 452 3763; x_wconf 79' lang='lat' dir='ltr'>scholium:</span> <span class='ocrx_word' id='word_1_212' title='bbox 477 3708 635 3767; x_wconf 66' lang='grc' dir='ltr'>Ἀπόλλωνος</span> <span class='ocrx_word' id='word_1_213' title='bbox 658 3711 702 3759; x_wconf 72' lang='grc' dir='ltr'>τὸν</span> <span class='ocrx_word' id='word_1_214' title='bbox 725 3708 818 3772; x_wconf 61' lang='lat' dir='ltr'>&#39;Oppia</span> <span class='ocrx_word' id='word_1_215' title='bbox 840 3709 914 3774; x_wconf 74' lang='grc' dir='ltr'><strong><em>φησῒι</em></strong></span> <span class='ocrx_word' id='word_1_216' title='bbox 937 3705 1007 3770; x_wconf 66' lang='grc' dir='ltr'><strong><em>εἶναι,</em></strong></span> <span class='ocrx_word' id='word_1_217' title='bbox 1029 3708 1055 3758; x_wconf 72' lang='grc' dir='ltr'>ὃν</span> <span class='ocrx_word' id='word_1_218' title='bbox 1078 3709 1121 3758; x_wconf 73' lang='lat' dir='ltr'>nai</span> <span class='ocrx_word' id='word_1_219' title='bbox 1139 3706 1218 3766; x_wconf 69' lang='lat' dir='ltr'>eicie</span> <span class='ocrx_word' id='word_1_220' title='bbox 1236 3708 1249 3757; x_wconf 78' lang='grc' dir='ltr'><em>δ</em></span> <span class='ocrx_word' id='word_1_221' title='bbox 1266 3705 1385 3770; x_wconf 72' lang='grc' dir='ltr'>Πίνδαρος</span> <span class='ocrx_word' id='word_1_222' title='bbox 1403 3707 1446 3757; x_wconf 74' lang='grc' dir='ltr'>καὶ</span> 
     </span>
     <span class='ocr_line' id='line_1_29' title="bbox 310 3794 1443 3866; baseline 0.001 -20"><span class='ocrx_word' id='word_1_223' title='bbox 310 3795 385 3846; x_wconf 68' lang='lat' dir='ltr'>tim</span> <span class='ocrx_word' id='word_1_224' title='bbox 407 3794 517 3860; x_wconf 69' lang='lat' dir='ltr'>Oikypoo</span> <span class='ocrx_word' id='word_1_225' title='bbox 540 3794 658 3860; x_wconf 71' lang='grc' dir='ltr'><strong><em>λέγουσιν</em></strong></span> <span class='ocrx_word' id='word_1_226' title='bbox 682 3798 806 3866; x_wconf 65' lang='lat' dir='ltr'>[Gumis</span> <span class='ocrx_word' id='word_1_227' title='bbox 829 3798 901 3864; x_wconf 85' lang='lat' dir='ltr'>apud</span> <span class='ocrx_word' id='word_1_228' title='bbox 925 3800 1056 3849; x_wconf 74' lang='lat' dir='ltr'>Roscnsn</span> <span class='ocrx_word' id='word_1_229' title='bbox 1078 3799 1095 3848; x_wconf 92' lang='lat' dir='ltr'>i.</span> <span class='ocrx_word' id='word_1_230' title='bbox 1106 3816 1130 3848; x_wconf 87' lang='lat' dir='ltr'>v.</span> <span class='ocrx_word' id='word_1_231' title='bbox 1150 3798 1271 3864; x_wconf 88' lang='lat' dir='ltr'>Orpheus</span> <span class='ocrx_word' id='word_1_232' title='bbox 1290 3798 1340 3848; x_wconf 89' lang='lat' dir='ltr'>col.</span> <span class='ocrx_word' id='word_1_233' title='bbox 1363 3809 1443 3866; x_wconf 81' lang='lat'>10743</span> 
     </span>
     <span class='ocr_line' id='line_1_30' title="bbox 311 3881 1446 3953; baseline -0.004 -15"><span class='ocrx_word' id='word_1_234' title='bbox 311 3888 345 3938; x_wconf 80' lang='lat' dir='ltr'>cs.</span> <span class='ocrx_word' id='word_1_235' title='bbox 370 3893 503 3953; x_wconf 73' lang='lat' dir='ltr'>praeterea</span> <span class='ocrx_word' id='word_1_236' title='bbox 528 3887 741 3936; x_wconf 77' lang='lat' dir='ltr'>Gmnmsnnnvn</span> <span class='ocrx_word' id='word_1_237' title='bbox 764 3886 797 3935; x_wconf 80' lang='lat' dir='ltr'>ad</span> <span class='ocrx_word' id='word_1_238' title='bbox 822 3887 938 3936; x_wconf 64' lang='lat' dir='ltr'>Pmoun.</span> <span class='ocrx_word' id='word_1_239' title='bbox 964 3886 1039 3950; x_wconf 82' lang='lat' dir='ltr'>Pyth.</span> <span class='ocrx_word' id='word_1_240' title='bbox 1062 3886 1108 3950; x_wconf 88' lang='lat' dir='ltr'>IV,</span> <span class='ocrx_word' id='word_1_241' title='bbox 1131 3884 1194 3947; x_wconf 84' lang='lat'><strong>176:</strong></span> <span class='ocrx_word' id='word_1_242' title='bbox 1212 3881 1255 3949; x_wconf 62' lang='lat' dir='ltr'>,it</span> <span class='ocrx_word' id='word_1_243' title='bbox 1275 3883 1446 3940; x_wconf 70' lang='grc' dir='ltr'><strong><em>Ἀπόιιιιιιιιςι</em></strong></span> 
     </span>
     <span class='ocr_line' id='line_1_31' title="bbox 312 3965 1444 4041; baseline -0.001 -18"><span class='ocrx_word' id='word_1_244' title='bbox 312 3974 434 4041; x_wconf 83' lang='lat' dir='ltr'>Orpheus</span> <span class='ocrx_word' id='word_1_245' title='bbox 451 3974 475 4023; x_wconf 80' lang='lat' dir='ltr'>is</span> <span class='ocrx_word' id='word_1_246' title='bbox 493 3973 537 4023; x_wconf 88' lang='lat' dir='ltr'>the</span> <span class='ocrx_word' id='word_1_247' title='bbox 555 3989 603 4023; x_wconf 81' lang='lat' dir='ltr'>son</span> <span class='ocrx_word' id='word_1_248' title='bbox 622 3974 654 4022; x_wconf 84' lang='lat' dir='ltr'>oi</span> <span class='ocrx_word' id='word_1_249' title='bbox 669 3973 779 4038; x_wconf 77' lang='lat' dir='ltr'>Oingros</span> <span class='ocrx_word' id='word_1_250' title='bbox 798 3971 842 4038; x_wconf 84' lang='lat' dir='ltr'>(fr.</span> <span class='ocrx_word' id='word_1_251' title='bbox 861 3972 894 4022; x_wconf 87' lang='lat' dir='ltr'>X.</span> <span class='ocrx_word' id='word_1_252' title='bbox 914 3971 939 4038; x_wconf 82' lang='lat'>8,</span> <span class='ocrx_word' id='word_1_253' title='bbox 961 3971 1013 4038; x_wconf 85' lang='lat'>10);</span> <span class='ocrx_word' id='word_1_254' title='bbox 1031 3971 1115 4021; x_wconf 84' lang='lat' dir='ltr'>hence</span> <span class='ocrx_word' id='word_1_255' title='bbox 1134 3965 1162 4032; x_wconf 70' lang='grc' dir='ltr'>ἔξ</span> <span class='ocrx_word' id='word_1_256' title='bbox 1180 3968 1218 4018; x_wconf 85' lang='grc' dir='ltr'>Ἀ.</span> <span class='ocrx_word' id='word_1_257' title='bbox 1237 3987 1295 4035; x_wconf 80' lang='lat' dir='ltr'>may</span> <span class='ocrx_word' id='word_1_258' title='bbox 1313 3972 1348 4021; x_wconf 93' lang='lat' dir='ltr'>be</span> <span class='ocrx_word' id='word_1_259' title='bbox 1366 3972 1444 4021; x_wconf 80' lang='lat' dir='ltr'>taken</span> 
     </span>
     <span class='ocr_line' id='line_1_32' title="bbox 311 4058 1444 4127; baseline -0.004 -14"><span class='ocrx_word' id='word_1_260' title='bbox 311 4078 338 4113; x_wconf 73' lang='lat' dir='ltr'>ns</span> <span class='ocrx_word' id='word_1_261' title='bbox 357 4062 424 4112; x_wconf 84' lang='lat' dir='ltr'>‘sent</span> <span class='ocrx_word' id='word_1_262' title='bbox 448 4059 501 4126; x_wconf 62' lang='lat' dir='ltr'>by!</span> <span class='ocrx_word' id='word_1_263' title='bbox 525 4060 566 4111; x_wconf 83' lang='lat' dir='ltr'>Cf.</span> <span class='ocrx_word' id='word_1_264' title='bbox 586 4060 649 4111; x_wconf 86' lang='lat' dir='ltr'>Hes.</span> <span class='ocrx_word' id='word_1_265' title='bbox 669 4060 769 4124; x_wconf 82' lang='lat' dir='ltr'>Tbeog.</span> <span class='ocrx_word' id='word_1_266' title='bbox 789 4059 870 4127; x_wconf 78' lang='lat'><strong>94”.].</strong></span> <span class='ocrx_word' id='word_1_267' title='bbox 889 4060 945 4109; x_wconf 88' lang='lat' dir='ltr'>Nec</span> <span class='ocrx_word' id='word_1_268' title='bbox 964 4066 1049 4109; x_wconf 79' lang='lat' dir='ltr'>tamen</span> <span class='ocrx_word' id='word_1_269' title='bbox 1068 4058 1132 4108; x_wconf 81' lang='lat' dir='ltr'>haec</span> <span class='ocrx_word' id='word_1_270' title='bbox 1151 4065 1255 4108; x_wconf 79' lang='lat' dir='ltr'>nostrae</span> <span class='ocrx_word' id='word_1_271' title='bbox 1273 4058 1374 4108; x_wconf 81' lang='lat' dir='ltr'>Timaei</span> <span class='ocrx_word' id='word_1_272' title='bbox 1391 4059 1444 4109; x_wconf 89' lang='lat' dir='ltr'>loci</span> 
     </span>
     <span class='ocr_line' id='line_1_33' title="bbox 310 4145 1443 4215; baseline -0.004 -16"><span class='ocrx_word' id='word_1_273' title='bbox 310 4149 518 4215; x_wconf 79' lang='lat' dir='ltr'>interpretationi</span> <span class='ocrx_word' id='word_1_274' title='bbox 531 4149 649 4198; x_wconf 75' lang='lat' dir='ltr'>obstant:</span> <span class='ocrx_word' id='word_1_275' title='bbox 660 4162 826 4213; x_wconf 89' lang='lat' dir='ltr'>quocumque</span> <span class='ocrx_word' id='word_1_276' title='bbox 835 4147 915 4197; x_wconf 91' lang='lat' dir='ltr'>modo</span> <span class='ocrx_word' id='word_1_277' title='bbox 924 4147 1087 4213; x_wconf 84' lang='lat' dir='ltr'>accipiuntur</span> <span class='ocrx_word' id='word_1_278' title='bbox 1098 4146 1162 4196; x_wconf 81' lang='lat' dir='ltr'>tales</span> <span class='ocrx_word' id='word_1_279' title='bbox 1171 4146 1326 4211; x_wconf 82' lang='lat' dir='ltr'>locutiones,</span> <span class='ocrx_word' id='word_1_280' title='bbox 1336 4145 1443 4196; x_wconf 89' lang='lat' dir='ltr'>deorum</span> 
     </span>
     <span class='ocr_line' id='line_1_34' title="bbox 311 4233 1443 4303; baseline -0.003 -17"><span class='ocrx_word' id='word_1_281' title='bbox 311 4236 463 4303; x_wconf 82' lang='lat' dir='ltr'>progeniem</span> <span class='ocrx_word' id='word_1_282' title='bbox 478 4243 548 4286; x_wconf 82' lang='lat' dir='ltr'>certe</span> <span class='ocrx_word' id='word_1_283' title='bbox 564 4251 592 4285; x_wconf 87' lang='lat' dir='ltr'>se</span> <span class='ocrx_word' id='word_1_284' title='bbox 607 4235 698 4285; x_wconf 89' lang='lat' dir='ltr'>dicunt</span> <span class='ocrx_word' id='word_1_285' title='bbox 713 4234 740 4284; x_wconf 90' lang='lat' dir='ltr'>hi</span> <span class='ocrx_word' id='word_1_286' title='bbox 758 4241 866 4300; x_wconf 77' lang='lat' dir='ltr'>poetae:</span> <span class='ocrx_word' id='word_1_287' title='bbox 879 4235 964 4285; x_wconf 77' lang='lat' dir='ltr'>othoc</span> <span class='ocrx_word' id='word_1_288' title='bbox 973 4234 1059 4300; x_wconf 87' lang='lat' dir='ltr'>ipsum</span> <span class='ocrx_word' id='word_1_289' title='bbox 1069 4249 1101 4283; x_wconf 87' lang='lat' dir='ltr'>ex</span> <span class='ocrx_word' id='word_1_290' title='bbox 1112 4234 1214 4283; x_wconf 82' lang='lat' dir='ltr'>Tuom</span> <span class='ocrx_word' id='word_1_291' title='bbox 1224 4233 1311 4283; x_wconf 84' lang='lat' dir='ltr'>verbis</span> <span class='ocrx_word' id='word_1_292' title='bbox 1320 4241 1443 4300; x_wconf 76' lang='lat' dir='ltr'>apparet3</span> 
     </span>
     <span class='ocr_line' id='line_1_35' title="bbox 311 4319 1443 4389; baseline -0.004 -15"><span class='ocrx_word' id='word_1_293' title='bbox 311 4324 378 4374; x_wconf 87' lang='lat' dir='ltr'>nihil</span> <span class='ocrx_word' id='word_1_294' title='bbox 402 4323 529 4389; x_wconf 75' lang='lat' dir='ltr'>amplius:</span> <span class='ocrx_word' id='word_1_295' title='bbox 554 4338 603 4372; x_wconf 89' lang='lat' dir='ltr'>nec</span> <span class='ocrx_word' id='word_1_296' title='bbox 627 4322 682 4372; x_wconf 75' lang='lat' dir='ltr'>ulla</span> <span class='ocrx_word' id='word_1_297' title='bbox 705 4330 744 4372; x_wconf 82' lang='lat' dir='ltr'>est</span> <span class='ocrx_word' id='word_1_298' title='bbox 765 4337 851 4387; x_wconf 77' lang='lat' dir='ltr'>causa,</span> <span class='ocrx_word' id='word_1_299' title='bbox 868 4337 913 4372; x_wconf 89' lang='lat' dir='ltr'>cnr</span> <span class='ocrx_word' id='word_1_300' title='bbox 931 4321 992 4372; x_wconf 90' lang='lat' dir='ltr'>illos</span> <span class='ocrx_word' id='word_1_301' title='bbox 1010 4321 1078 4370; x_wconf 84' lang='lat' dir='ltr'>Tim.</span> <span class='ocrx_word' id='word_1_302' title='bbox 1096 4322 1167 4383; x_wconf 87' lang='lat' dir='ltr'>40D</span> <span class='ocrx_word' id='word_1_303' title='bbox 1185 4327 1302 4370; x_wconf 76' lang='lat' dir='ltr'>unctores</span> <span class='ocrx_word' id='word_1_304' title='bbox 1320 4319 1393 4370; x_wconf 80' lang='lat' dir='ltr'>alind</span> <span class='ocrx_word' id='word_1_305' title='bbox 1411 4321 1443 4370; x_wconf 88' lang='lat' dir='ltr'>si·</span> 
     </span>
     <span class='ocr_line' id='line_1_36' title="bbox 309 4403 1443 4477; baseline -0.003 -17"><span class='ocrx_word' id='word_1_306' title='bbox 309 4410 446 4477; x_wconf 78' lang='lat' dir='ltr'>gnificasse</span> <span class='ocrx_word' id='word_1_307' title='bbox 470 4415 611 4459; x_wconf 75' lang='lat' dir='ltr'>statuamus</span> <span class='ocrx_word' id='word_1_308' title='bbox 632 4408 738 4459; x_wconf 88' lang='lat' dir='ltr'>nomine</span> <span class='ocrx_word' id='word_1_309' title='bbox 756 4408 804 4457; x_wconf 89' lang='lat' dir='ltr'>illo</span> <span class='ocrx_word' id='word_1_310' title='bbox 823 4404 879 4455; x_wconf 73' lang='lat' dir='ltr'>tun</span> <span class='ocrx_word' id='word_1_311' title='bbox 901 4403 1006 4469; x_wconf 63' lang='grc' dir='ltr'>’ἔκγονοι</span> <span class='ocrx_word' id='word_1_312' title='bbox 1027 4407 1099 4473; x_wconf 91' lang='lat' dir='ltr'>quod</span> <span class='ocrx_word' id='word_1_313' title='bbox 1117 4408 1168 4457; x_wconf 90' lang='lat' dir='ltr'>sibi</span> <span class='ocrx_word' id='word_1_314' title='bbox 1187 4407 1347 4472; x_wconf 82' lang='lat' dir='ltr'>indiderunt,</span> <span class='ocrx_word' id='word_1_315' title='bbox 1364 4414 1443 4473; x_wconf 79' lang='lat' dir='ltr'>atque</span> 
     </span>
     <span class='ocr_line' id='line_1_37' title="bbox 311 4494 1443 4562; baseline -0.002 -15"><span class='ocrx_word' id='word_1_316' title='bbox 311 4498 350 4547; x_wconf 84' lang='lat' dir='ltr'>vis</span> <span class='ocrx_word' id='word_1_317' title='bbox 374 4505 414 4547; x_wconf 87' lang='lat' dir='ltr'>est</span> <span class='ocrx_word' id='word_1_318' title='bbox 439 4496 529 4547; x_wconf 74' lang='lat' dir='ltr'>talium</span> <span class='ocrx_word' id='word_1_319' title='bbox 552 4496 687 4546; x_wconf 86' lang='lat' dir='ltr'>nominum</span> <span class='ocrx_word' id='word_1_320' title='bbox 710 4495 744 4544; x_wconf 85' lang='lat' dir='ltr'>iis</span> <span class='ocrx_word' id='word_1_321' title='bbox 766 4495 832 4545; x_wconf 90' lang='lat' dir='ltr'>locis</span> <span class='ocrx_word' id='word_1_322' title='bbox 857 4512 924 4562; x_wconf 85' lang='lat' dir='ltr'>qnos</span> <span class='ocrx_word' id='word_1_323' title='bbox 944 4495 1092 4546; x_wconf 80' lang='lat' dir='ltr'>attulimus:</span> <span class='ocrx_word' id='word_1_324' title='bbox 1110 4510 1165 4544; x_wconf 89' lang='lat' dir='ltr'>non</span> <span class='ocrx_word' id='word_1_325' title='bbox 1184 4494 1247 4560; x_wconf 90' lang='lat' dir='ltr'>quid</span> <span class='ocrx_word' id='word_1_326' title='bbox 1267 4501 1361 4544; x_wconf 85' lang='lat' dir='ltr'>sonent</span> <span class='ocrx_word' id='word_1_327' title='bbox 1379 4495 1443 4545; x_wconf 81' lang='lat' dir='ltr'>haec</span> 
     </span>
     <span class='ocr_line' id='line_1_38' title="bbox 310 4581 1443 4648; baseline -0.002 -13"><span class='ocrx_word' id='word_1_328' title='bbox 310 4585 418 4635; x_wconf 72' lang='lat' dir='ltr'>nominc</span> <span class='ocrx_word' id='word_1_329' title='bbox 433 4582 524 4633; x_wconf 84' lang='lat' dir='ltr'>reiert:</span> <span class='ocrx_word' id='word_1_330' title='bbox 540 4582 627 4647; x_wconf 79' lang='lat' dir='ltr'>refert,</span> <span class='ocrx_word' id='word_1_331' title='bbox 638 4582 711 4632; x_wconf 86' lang='lat' dir='ltr'>hisce</span> <span class='ocrx_word' id='word_1_332' title='bbox 726 4582 877 4633; x_wconf 86' lang='lat' dir='ltr'>nominibus</span> <span class='ocrx_word' id='word_1_333' title='bbox 890 4589 971 4633; x_wconf 82' lang='lat' dir='ltr'>semet</span> <span class='ocrx_word' id='word_1_334' title='bbox 981 4582 1053 4648; x_wconf 85' lang='lat' dir='ltr'>ipsos</span> <span class='ocrx_word' id='word_1_335' title='bbox 1062 4582 1237 4633; x_wconf 71' lang='lat' dir='ltr'>nominavisse</span> <span class='ocrx_word' id='word_1_336' title='bbox 1247 4581 1308 4631; x_wconf 89' lang='lat' dir='ltr'>illos</span> <span class='ocrx_word' id='word_1_337' title='bbox 1317 4590 1443 4633; x_wconf 75' lang='lat' dir='ltr'>auctores.</span> 
     </span>
    </p>
   </div>
   <div class='ocr_carea' id='block_1_6' title="bbox 356 4669 759 4739">
    <p class='ocr_par' dir='ltr' id='par_1_9' title="bbox 356 4669 759 4739">
     <span class='ocr_line' id='line_1_39' title="bbox 356 4669 759 4739; baseline -0.005 -17"><span class='ocrx_word' id='word_1_338' title='bbox 356 4669 383 4739; x_wconf 80' lang='grc' dir='ltr'>ι)</span> <span class='ocrx_word' id='word_1_339' title='bbox 402 4669 443 4722; x_wconf 87' lang='lat' dir='ltr'>Ci.</span> <span class='ocrx_word' id='word_1_340' title='bbox 462 4670 544 4721; x_wconf 79' lang='lat' dir='ltr'>Kmt</span> <span class='ocrx_word' id='word_1_341' title='bbox 564 4670 616 4721; x_wconf 87' lang='lat' dir='ltr'>o.l.</span> <span class='ocrx_word' id='word_1_342' title='bbox 636 4685 696 4737; x_wconf 70' lang='lat' dir='ltr'>pag.</span> <span class='ocrx_word' id='word_1_343' title='bbox 715 4682 759 4734; x_wconf 79' lang='lat'>42.</span> 
     </span>
    </p>
   </div>
   <div class='ocr_carea' id='block_1_7' title="bbox 0 0 1875 5572">
    <p class='ocr_par' dir='ltr' id='par_1_10' title="bbox 0 0 1875 5572">
     <span class='ocr_line' id='line_1_40' title="bbox 0 0 1875 5572; baseline 0 0"><span class='ocrx_word' id='word_1_344' title='bbox 0 0 1875 5572; x_wconf 95' lang='lat' dir='ltr'> </span> 
     </span>
    </p>
   </div>
  </div>
 </body>
</html>
