3717 5575
876 691 925 778 69

331 891 455 974 τιακοῖς
483 889 539 960 καὶ
563 889 710 987 Φρυγίοις
732 882 860 986 λόγοις·
885 881 1033 987 μάλιστα
1057 884 1093 963 δὲ
1116 889 1234 991 nimpi
1257 880 1316 978 τὰς
1338 878 1465 977 τελετὰς

335 1006 505 1108 ὀργιασμοὶ
532 1012 590 1082 καὶ
625 1000 666 1081 roi
700 1004 851 1109 δρώμενα
878 1011 1089 1112 συμβολικῶς
1116 1010 1147 1085 ἐν
1175 1017 1246 1100 ταῖς
1274 1010 1464 1111 ἱερουργίαις

332 1126 390 1213 τὴν
417 1142 480 1203 τῶν
507 1134 655 1205 παλαιῶν
683 1130 825 1231 ἐμφαίνει
855 1126 1015 1207 διοίνοιοιν.
1031 1126 1058 1226 ¹)

384 1248 543 1322 Restant
572 1265 767 1346 praeterea
795 1248 856 1323 alii
880 1249 995 1341 multi,
1021 1278 1117 1350 quos
1140 1276 1271 1325 omnes
1294 1251 1352 1324 hic
1376 1273 1462 1326 enu-

331 1397 474 1446 merare
512 1369 666 1470 longum
703 1387 770 1464 est,
800 1373 862 1471 qui
891 1389 1017 1449 tamen
1047 1375 1208 1449 universi
1236 1399 1310 1447 nna
1338 1388 1463 1449 mente

330 1509 444 1592 atque
471 1520 566 1569 voce
590 1493 897 1593 philosophomm
921 1497 957 1570 in
981 1523 1101 1597 grege
1125 1496 1373 1595 Orphicos
1400 1497 1463 1571 ad·

329 1614 578 1711 numerant.¹)

385 1831 520 1931 Neque
558 1832 686 1905 iniuria
713 1833 765 1906 ita
789 1848 1022 1908 censuerunt.
1053 1832 1293 1931 Philosophia
1320 1849 1360 1908 et
1388 1860 1462 1932 my-

331 1953 500 2054 thologia
527 1982 610 2029 cnm
639 1981 707 2054 per
734 1981 775 2030 se
803 1956 908 2054 ipsae
936 1957 1051 2030 artius
1078 1954 1360 2054 cohaereant,³)
1383 1963 1461 2031 tum

332 2079 492 2152 maxime
529 2079 631 2176 quod
668 2079 718 2151 ad
754 2077 1134 2177 prae-Socraticorum
1165 2095 1337 2177 tempora
1365 2106 1462 2154 com-

332 2201 432 2274 muni
461 2200 626 2299 quodam
651 2199 797 2274 vinculo
822 2202 872 2275 ita
897 2216 983 2275 sunt
1006 2201 1200 2300 iunctae,⁴)
1223 2217 1264 2275 nt
1278 2202 1463 2277 interdum

330 2321 446 2396 altera
483 2324 531 2397 ab
569 2321 687 2396 altera
723 2323 785 2396 vix
822 2324 940 2421 possit
967 2325 1143 2421 separari.
1176 2324 1359 2421 Imprimis
1386 2325 1464 2398 istis

332 2446 572 2544 temporibus
610 2445 743 2544 quibus
778 2445 882 2520 velut
916 2446 952 2519 in
990 2446 1206 2521 incunabilis
1239 2462 1319 2521 erat
1347 2444 1460 2545 philo-

330 2568 473 2665 sophia,
511 2568 670 2642 necdum
707 2594 856 2667 semper
892 2569 1008 2643 iustas
1045 2569 1219 2667 cogitatis
1246 2569 1385 2644 formas
1412 2570 1462 2643 in·

328 2707 483 2766 venerat
506 2708 571 2766 aut
594 2717 617 2765 a
640 2692 810 2766 sensibus
834 2707 999 2766 mentem
1023 2709 1232 2783 sevocarat,
1247 2737 1299 2748 -
1314 2693 1357 2766 iis
1371 2708 1461 2767 tem·

329 2816 481 2914 poribus
508 2816 669 2890 maxime
697 2817 747 2891 ad
775 2841 885 2890 sensa
912 2816 1036 2889 verbis
1060 2816 1302 2914 exprimenda
1325 2817 1462 2915 mythis

329 2938 531 3036 indigebat.

385 3058 620 3158 Mythologia
644 3075 683 3134 et
702 3059 941 3159 philosophia
955 3058 980 3158 5)
1004 3085 1096 3133 sane
1110 3060 1204 3135 inter
1218 3085 1259 3135 se
1274 3060 1458 3153 diffemnt,

375 3278 401 3345 ι)
420 3276 461 3328 Cf.
487 3277 519 3326 de
543 3276 593 3327 hoc
611 3276 671 3326 loco
689 3282 716 3326 et
734 3275 767 3325 de
785 3275 934 3340 mythorum
952 3274 1167 3340 interpretatione
1186 3274 1324 3340 allegorica
1343 3289 1410 3339 qnae
1428 3289 1460 3324 eo

326 3366 483 3415 continetur:
502 3364 614 3413 Gnum
633 3379 657 3412 0.
666 3362 685 3412 1.
705 3378 765 3428 pag.
783 3361 842 3427 508.
860 3362 927 3412 Vide
944 3369 1076 3427 praeterea
1089 3361 1371 3427 Charidemum,
1382 3360 1461 3426 Agla·

328 3452 431 3514 opham.
452 3452 474 3516 1,
493 3466 553 3516 pag.
572 3449 633 3513 605.

373 3538 401 3605 2)
420 3539 461 3588 Cf.
486 3538 655 3600 Wnnunnrt,
680 3552 704 3586 o.
720 3536 738 3585 l.
763 3552 821 3601 cup.
848 3533 1150 3601 1(Vorgeschichtliche
1169 3534 1291 3599 Anfnnge
1309 3534 1355 3584 der
1374 3534 1460 3585 Phiio-

329 3625 443 3692 sophie),
460 3624 514 3691 §rt
534 3624 660 3675 Stimmen
680 3623 725 3673 der
745 3623 826 3673 Alten
844 3624 909 3672 iiber
927 3623 970 3673 die
990 3621 1122 3673 Herkunst
1140 3622 1209 3672 ihrer
1227 3621 1396 3687 Philosophie
1414 3638 1460 3672 nus

328 3712 531 3764 Urtrnditionen.

372 3798 400 3867 3)
419 3797 460 3849 Ct'.
485 3798 611 3863 Bonum,
632 3795 777 3862 Encyclop.
797 3811 857 3862 pag.
878 3804 943 3861 559:
964 3795 1017 3860 „Es
1035 3795 1070 3845 ist
1088 3794 1169 3844 daher
1183 3793 1323 3858 jedeufalls
1341 3794 1460 3845 inconse-

328 3893 418 3952 queut,
437 3899 514 3934 wenn
531 3899 592 3933 man
610 3899 677 3933 zwar
695 3882 738 3932 die
757 3882 931 3947 Mythologie,
949 3883 1011 3932 aber
1028 3881 1102 3931 nicht
1115 3880 1158 3930 die
1174 3880 1330 3931 Geschichte
1345 3880 1392 3930 der
1400 3880 1459 3930 Phi·

328 3972 449 4037 losophie
472 3978 549 4020 nnter
571 3970 613 4019 die
638 3968 850 4034 philologischen
872 3968 1038 4033 Disciplinen
1062 3967 1177 4017 rechnen
1195 3966 1385 4032 will,a1sob
1405 3965 1458 4016 die

328 4056 555 4122 Philosophie
583 4062 683 4106 etwas
710 4055 851 4105 anderes
877 4055 929 4105 als
957 4054 1011 4104 die
1039 4070 1095 4104 zur
1121 4052 1280 4104 Klarheit
1304 4052 1361 4103 des
1385 4053 1458 4102 Ver-

329 4144 467 4195 staudes
483 4143 656 4193 erhobene
675 4141 887 4207 Mythologie
906 4141 1016 4191 warefl

370 4232 535 4297 Quamquam
554 4246 606 4280 non
627 4230 686 4279 dico
705 4245 810 4296 prorsus
828 4246 869 4280 me
886 4229 952 4279 haec
972 4228 1091 4295 probare.

369 4320 399 4386 4)
418 4319 459 4369 Cf.
484 4318 603 4383 Gnom,
629 4317 659 4367 C.
676 4333 701 4367 u.
712 4319 750 4367 M.
775 4333 835 4383 pag.
854 4316 920 4382 653:
942 4317 990 4382 „In
1009 4316 1068 4366 dem
1087 4314 1255 4381 uugeheuren
1273 4315 1388 4381 Process,
1406 4313 1458 4365 den

324 4406 372 4456 aus
392 4404 580 4470 griechischen
603 4404 693 4454 Boden
719 4404 765 4454 das
783 4404 962 4454 menschiiche
981 4403 1094 4454 Denken
1116 4402 1306 4467 durchmachte,
1326 4401 1414 4451 indem
1433 4417 1461 4452 es

324 4508 377 4543 von
401 4492 447 4542 der
472 4491 612 4557 religiosen
637 4491 798 4542 Erkeuntnis
816 4508 874 4541 zum
893 4488 1222 4557 voraussetzuugsloseffl)
1241 4488 1382 4555 Forschen,
1399 4504 1459 4538 vom

325 4579 432 4645 Mythos
453 4595 511 4629 turn
535 4581 623 4644 Logos
646 4578 799 4645 sortschritt,
823 4578 850 4628 in
875 4578 974 4629 diesem
995 4579 1102 4628 Process
1120 4577 1279 4627 bezeichnen
1298 4591 1391 4626 unsere
1411 4575 1461 4627 Ge·

323 4667 412 4717 dichte
432 4666 475 4716 die
495 4665 608 4732 nubere,
626 4665 794 4715 Herakleitos
813 4665 856 4716 die
875 4671 979 4731 spitere
997 4663 1107 4715 Phase.”
1126 4680 1189 4729 sqq.

372 4752 400 4821 5)
420 4752 497 4803 eonr.
513 4753 547 4803 de
566 4752 687 4803 universa
704 4753 753 4804 hac
771 4768 800 4803 re
819 4753 849 4803 F.
868 4753 1003 4818 Paursnn,
1019 4752 1174 4818 Einleitnng
1191 4751 1219 4801 in
1234 4750 1277 4802 die
1286 4750 1465 4818 Philosophie,
