3717 5575
813 712 857 783 13

262 881 432 977 quissimis
458 884 702 980 mysteriorum
729 885 895 958 doctrinis
921 901 959 957 et
984 883 1148 980 pristinae
1175 882 1301 956 aetatis
1329 908 1402 978 my·

261 1001 532 1103 thologumenis,
556 1004 745 1079 ueletiam
771 1006 819 1079 ab
843 1003 999 1079 orientali
1013 1004 1194 1103 theologia
1208 1003 1402 1100 repetenda

261 1125 336 1199 sint.
371 1126 431 1199 De
460 1152 532 1224 qua
557 1143 633 1201 tam
659 1128 780 1202 variae
809 1144 889 1202 sunt
916 1127 1194 1202 doctissimorum
1221 1125 1400 1200 hominum

260 1264 406 1346 tamque
419 1248 659 1346 discrepantes
673 1250 883 1340 sententiae,
899 1267 937 1324 ut
949 1248 1128 1348 profligari
1136 1273 1207 1323 non
1216 1272 1324 1345 posse
1333 1273 1399 1321 nec

261 1369 308 1442 ad
335 1371 467 1444 exitum
494 1372 620 1445 adduci
645 1398 763 1470 paene
789 1372 961 1462 videatur,
985 1371 1078 1446 acsi
1100 1370 1221 1468 possit,
1245 1370 1400 1443 nonnisi

263 1516 403 1567 summo
430 1494 581 1594 ingenio,
609 1495 817 1595 sagacitate,
845 1494 999 1583 scientia,
1028 1493 1163 1567 labore.

315 1614 352 1687 ln
388 1614 511 1705 altera,
549 1615 659 1691 multo
692 1617 804 1690 minus
832 1616 1019 1690 difficiliore
1045 1614 1262 1713 quaestione,
1290 1640 1399 1712 quam

131 1779 134 1785 -
260 1751 412 1811 tractare
439 1738 537 1812 huius
572 1739 689 1836 operis
717 1756 783 1828 est,
814 1739 989 1837 quaeritur
1017 1739 1178 1836 primunr,
1210 1737 1268 1835 qui
1289 1736 1397 1834 phiio·

259 1860 361 1956 sophi
401 1859 459 1934 vel
499 1859 789 1958 philosophorum
831 1887 944 1959 opera
985 1861 1019 1934 in
1061 1860 1215 1934 Platonis
1250 1858 1398 1959 dialogis

261 1999 602 2075 commemorentur3
631 1984 758 2058 deinde
782 1984 864 2081 quid
888 1984 934 2057 de
957 1984 995 2056 iis
1018 1983 1150 2056 dicatur
1172 1999 1209 2055 et
1221 1982 1397 2071 iudicetur,

129 2151 135 2164 ι
260 2105 552 2179 considerandum
579 2122 654 2197 est,
685 2106 836 2204 denique
863 2107 911 2181 ad
938 2107 1109 2181 rationem
1137 2105 1289 2178 criticam
1317 2130 1397 2178 exa·

261 2227 381 2301 minari
404 2244 557 2327 oportet,
581 2255 628 2303 an
650 2254 743 2327 quae
767 2228 950 2303 aPlatone
964 2242 1296 2315 commemorantur,
1312 2251 1399 2300 vera

260 2349 337 2439 sint,
375 2376 421 2424 an
454 2376 548 2449 quae
578 2350 711 2440 laudat,
746 2351 970 2424 adverbum
997 2349 1129 2440 laudet,
1157 2375 1203 2422 an
1230 2374 1324 2446 quae
1351 2348 1397 2422 de

258 2472 297 2545 iis
323 2473 495 2563 iudicavit,
523 2490 634 2563 recte,
663 2499 790 2571 aeque,
820 2473 957 2573 integre
979 2472 1190 2562 iudicaverit,
1215 2487 1397 2569 postremo

260 2619 307 2667 an
333 2621 477 2692 semper
503 2596 597 2670 idem
626 2596 837 2670 iudicaverit.

312 2717 437 2794 Altera
464 2719 532 2794 hac
554 2719 773 2818 quaestione,
797 2719 878 2793 mihi
901 2719 1096 2810 tractanda,
1120 2718 1214 2816 prior
1226 2717 1282 2792 illa
1295 2743 1394 2820 mag·

259 2867 343 2916 nam
379 2858 519 2940 partem
554 2843 679 2933 nititur,
716 2869 795 2916 cum
823 2842 913 2916 haec
940 2842 1130 2917 antecedat
1156 2839 1249 2915 iliam
1276 2867 1394 2916 neces·

259 2965 351 3039 sario
377 2965 523 3063 eiusque
550 2965 593 3039 sit
612 2965 888 3039 findamentum.
913 2964 951 3037 In
971 2964 1010 3037 iis
1027 2963 1285 3052 tantummodo,
1302 2989 1396 3060 quae

257 3104 440 3184 postremo
481 3085 559 3161 loco
595 3087 797 3161 enumeravi
834 3087 880 3185 (in
917 3102 995 3161 arte
1030 3086 1145 3159 critica
1181 3086 1395 3182 adhibenda)

258 3208 395 3282 videtur
431 3234 577 3283 necesse
613 3225 651 3283 ut
687 3209 733 3281 de
769 3234 814 3283 ea
848 3233 963 3305 pauca
991 3208 1118 3296 dicam,
1146 3233 1226 3280 cunr
1253 3207 1395 3282 omnino

257 3331 423 3431 ignorans
456 3332 539 3429 quid
572 3331 743 3429 prioribus
774 3332 908 3405 debeat
935 3332 1070 3421 Pinio,
1097 3329 1267 3418 iudicium,
1296 3330 1395 3427 quod

258 3453 305 3528 de
339 3456 390 3529 eis
426 3453 511 3545 tulit,
548 3454 605 3527 vix
632 3470 728 3528 recte
758 3454 947 3528 aestimare
974 3453 1099 3550 possis.
1131 3452 1253 3545 Quare
1281 3452 1395 3526 obiter

257 3577 285 3649 si
321 3602 412 3675 opus
447 3578 521 3667 erit,
555 3576 648 3651 illam
676 3577 869 3677 attingam,
897 3593 1066 3663 ceterum,
1095 3600 1175 3647 cum
1202 3574 1250 3647 ab
1277 3573 1396 3670 open's

258 3700 326 3772 mei
361 3700 550 3774 rationibus
586 3700 728 3773 omnino
751 3699 955 3788 abhorreat,
984 3696 1285 3772 exterminandam
1313 3720 1393 3769 esse

257 3836 356 3918 put0,
393 3821 456 3925 μὴ,
484 3839 522 3895 ut
548 3848 628 3895 eum
655 3822 733 3920 ipso
760 3821 887 3919 loquar
915 3822 1100 3908 PLnronn,
1112 3815 1137 3914 ¹)
1164 3819 1200 3895 τὸ
1228 3819 1392 3921 μέγιστον,

259 3933 296 4020 οὗ
324 3940 417 4022 ἕνεκα
446 3951 464 4021 o‘
491 3944 587 4048 λόγος
615 3944 761 4049 ὥρμηται
785 3939 943 4022 ἄσκεπτον
967 3952 1102 4045 γένηται
1125 3941 1185 4018 ὑπὸ
1208 3955 1270 4017 τῶν
1294 3942 1393 4019 ἐπεισ-

259 4065 481 4169 κωμαζέντων
510 4067 632 4170 λέγων,
661 4075 693 4144 εἴ
713 4099 760 4159 τις
788 4063 897 4157 αὐτοῖς
925 4070 1076 4143 πείσεται.

309 4188 372 4262 Ab
399 4188 466 4261 hac
492 4204 595 4287 parte
622 4189 724 4289 igitur
746 4214 792 4262 ea
815 4212 910 4285 quae
933 4186 1049 4261 iacere
1072 4186 1105 4259 in
1128 4185 1246 4259 animo
1259 4185 1391 4275 habeo,

253 4311 439 4409 perspicua
465 4310 642 4385 videntur:
672 4311 831 4384 iudicium
863 4309 1083 4407 expositurus
1110 4335 1200 4397 sum,
1225 4307 1323 4405 quod
1346 4307 1393 4380 de

254 4432 487 4530 superioribus
513 4431 729 4530 philosophis
755 4432 829 4506 tulit
857 4433 990 4505 Porro.

306 4555 480 4629 Necnon
506 4556 689 4653 perpensis
715 4555 754 4628 iis
781 4580 875 4652 quae
902 4578 1010 4650 supra
1032 4553 1111 4643 dixi,
1135 4553 1206 4626 iam
1226 4567 1393 4648 apparet,

301 4754 327 4822 1)
346 4753 454 4805 Theaet.
475 4753 524 4817 184
536 4756 569 4803 Α.
