3717 5575
790 668 856 737 181

308 857 541 933 Testimonio
576 875 681 934 sunt:
726 858 761 933 1o
798 860 905 958 ipsa
939 858 1116 958 quibus
1143 857 1300 931 utitur
1326 857 1388 931 Tr·

259 1002 383 1054 uanus
417 982 586 1073 verba,
625 1006 723 1079 quae
760 983 848 1081 quin
886 983 1040 1056 ironiam
1078 979 1298 1079 significent,
1327 980 1388 1054 vix

258 1101 403 1176 videtur
439 1103 597 1178 dubitari
634 1130 765 1203 posse:
799 1109 852 1198 ὡς
879 1102 1048 1209 ἔφασαν
1078 1148 1129 1158 -
1157 1135 1235 1181 που
1264 1148 1315 1158 -
1343 1136 1388 1208 γε

259 1269 309 1279 -
328 1229 371 1317 ὡς
394 1231 495 1303 οἰκεῖα
518 1227 777 1329 φασκόντων
797 1223 1070 1331 οἷπαγγέλλεονςι)
1097 1223 1134 1298 2⁰
1153 1224 1387 1300 universa

258 1344 353 1421 loci
377 1348 506 1423 ratio
531 1375 583 1423 ac
606 1346 916 1446 sententia,²)
937 1375 1021 1423 cum
1043 1375 1079 1422 ο.
1102 1373 1387 1447 neccumsupe·

258 1468 412 1544 rioribus
440 1496 508 1545 nec
530 1497 614 1546 cum
638 1473 814 1570 proximis
836 1471 912 1547 ullo
938 1473 1050 1547 modo
1074 1473 1274 1546 cohaereat
1295 1473 1388 1546 haec

258 1591 397 1691 dialogi
425 1618 523 1690 parS,
548 1609 587 1667 et
609 1594 658 1668 ad
682 1595 801 1693 ipsam
826 1596 1114 1694 disputationem
1138 1595 1289 1670 omnino
1313 1620 1388 1669 non

258 1715 452 1812 pertineat,
477 1716 591 1791 immo
614 1743 699 1791 cum
722 1741 769 1791 ea
792 1743 964 1817 pugnare
986 1718 1175 1809 videatur,
1205 1721 1237 1792 b.
1264 1717 1391 1815 paucis

257 1837 425 1912 versibus
447 1838 690 1914 absolvantur
713 1866 771 1932 ea,
796 1867 894 1939 quae
917 1857 995 1915 tam
1019 1841 1151 1940 gravia
1169 1866 1253 1914 esse
1268 1840 1389 1914 dicun·

257 1976 327 2052 tur,
353 1975 393 2033 ut
418 1962 559 2036 maiora
582 1963 655 2037 sint
681 1989 794 2061 quam
819 1980 904 2037 uta
928 1963 1388 2061 Trunsocognoscantun
1426 2017 1429 2023 -

257 2109 284 2156 c.
315 2083 382 2156 nisi
410 2082 564 2158 ironiam
594 2101 747 2177 statuas,
776 2112 851 2160 non
875 2085 1122 2184 intellegatur,
1149 2086 1210 2184 qui
1234 2084 1389 2182 reliquo·

257 2231 337 2279 rum
362 2206 517 2280 deorum
541 2209 733 2282 enuntiare
756 2225 795 2282 et
817 2234 928 2283 nosse
951 2225 1085 2299 ortum,
1110 2234 1222 2306 supra
1245 2207 1389 2281 T1nnar

256 2327 354 2401 vires
381 2353 464 2402 esse
491 2329 561 2403 dici
590 2330 718 2427 possit,
749 2330 888 2430 quippe
917 2331 979 2429 qui
1008 2332 1055 2405 de
1083 2329 1174 2404 caeli
1203 2347 1241 2404 et
1268 2346 1389 2404 terrae

258 2448 401 2547 origine
434 2452 547 2527 modo
576 2478 722 2527 summa
749 2453 956 2553 sagacitate
984 2470 1022 2528 et
1049 2453 1200 2552 ingenio
1227 2452 1388 2550 disputa-

257 2573 369 2667 verit,
405 2574 441 2647 d.
475 2600 523 2648 eo
556 2576 670 2650 modo
701 2592 965 2650 enumerentur
990 2576 1027 2649 hi
1055 2576 1117 2667 dii,
1145 2576 1209 2673 qui
1238 2601 1261 2650 a
1288 2602 1390 2650 reve·

258 2696 377 2770 rentia
401 2696 556 2771 multum
580 2700 688 2792 absit,
713 2727 797 2773 cum
821 2725 890 2774 nec
910 2725 1042 2774 omnes
1055 2700 1188 2774 aflerat
1201 2699 1388 2792 Trumus,

259 2819 325 2892 sed
349 2818 398 2894 ad
422 2821 610 2896 arbitrium
630 2822 768 2922 eligere
784 2823 982 2898 nonnullos
994 2824 1177 2914 videatur,
1192 2849 1260 2897 nec
1275 2825 1391 2897 verba

259 2942 393 3038 quibus
428 2943 566 3018 indicat
602 2971 669 3020 eos
705 2972 801 3044 quos
836 2947 973 3021 omittit
1009 2949 1083 3043 (νον1
1114 2946 1181 3025 ὅσοι
1208 2941 1291 3049 μετὰ
1318 2941 1392 3023 τοῦ-

258 3097 319 3142 των
349 3110 400 3121 -
428 3064 543 3159 πάντες
570 3067 663 3160 ὅσους
692 3079 782 3171 ἴσμεν
806 3066 966 3172 ἀδελφοὺς
990 3069 1182 3171 λεγομένους
1205 3066 1323 3159 αὐτῶν,
1347 3065 1390 3145 ἔτι

258 3219 288 3265 τε
315 3185 435 3265 τούτων
471 3185 593 3282 ἄλλους
620 3189 799 3294 ἐκγόνους),
829 3216 903 3265 non
931 3206 1018 3264 sunt
1044 3190 1111 3263 viri
1141 3188 1387 3288 neglegentis,

310 3310 485 3408 Denique
512 3311 642 3386 videas
670 3338 783 3410 quam
812 3313 904 3386 mira
928 3313 975 3386 sit
997 3311 1067 3387 loci
1089 3312 1387 3411 argumentatio:

258 3459 339 3506 cum
368 3433 416 3507 de
444 3434 543 3508 hisce
571 3435 681 3508 rebus
709 3435 831 3510 dicere
860 3436 978 3509 maius
1005 3436 1051 3509 sit
1079 3460 1192 3533 quam
1214 3434 1316 3531 quod
1340 3434 1388 3508 ad

258 3580 337 3647 nos,
361 3555 392 3627 si
415 3572 542 3630 tamen
566 3582 794 3655 cognoscere
818 3583 884 3632 eas
907 3557 1086 3655 cupimus,
1101 3557 1275 3631 audiendi
1289 3573 1387 3646 sunt,

258 3680 318 3777 qui
342 3680 390 3754 de
414 3679 457 3752 iis
481 3695 594 3754 antea
616 3680 797 3770 dixerunt,
813 3680 952 3778 quippe
968 3680 1031 3777 qui
1046 3681 1163 3778 probe
1177 3704 1244 3753 eas
1258 3679 1386 3752 sciant.

260 3803 386 3876 Recte.
419 3801 474 3875 At
502 3825 614 3900 quam
644 3802 694 3874 ob
722 3826 800 3874 rem
828 3801 865 3874 hi
893 3800 989 3876 tales
1016 3827 1075 3875 res
1098 3801 1190 3875 scire
1213 3800 1388 3874 censendi

259 3927 363 3999 sunt?
386 3950 485 4021 quae
509 3940 566 3999 est
587 3949 711 4015 causa,
736 3950 800 3997 cur
823 3922 935 3998 fidem
960 3924 1003 3997 iis
1026 3924 1253 3997 habeamus?
1273 3922 1388 4017 Quod

259 4048 355 4121 adii
382 4047 455 4121 sint
482 4045 648 4120 oriundi?
681 4045 796 4140 Quod
833 4045 881 4120 de
914 4045 990 4119 suis
1017 4046 1128 4119 rebus
1156 4045 1388 4118 renuntient?

260 4198 450 4208 ——n

260 4284 341 4333 nuch'
356 4282 452 4333 nicht
470 4297 506 4332 so
524 4280 604 4330 weit
622 4279 703 4344 geht
721 4279 773 4329 als
792 4279 972 4345 Grote,....
987 4295 1018 4329 zu
1034 4294 1128 4344 sugent
1145 4278 1389 4329 Platonverzichtet

259 4367 312 4419 hier
336 4369 454 4420 fomlich
479 4368 527 4418 sus
546 4368 603 4417 sein
627 4367 733 4432 eigenes
752 4365 835 4417 Urteil
853 4366 907 4416 und
925 4365 1071 4416 unterwirst
1089 4365 1144 4415 sich
1163 4366 1209 4415 der
1226 4365 1388 4415 orthodoxeu

262 4456 414 4506 Autorit'dt.”

305 4541 330 4608 1)
347 4543 407 4594 Nou
434 4542 543 4608 legitur:
571 4536 603 4595 ὥς
624 4535 703 4586 οἰκεῖα
726 4535 953 4600 ἀπαγγελλόντων,
977 4538 1023 4588 sed
1048 4534 1081 4593 ele
1103 4534 1183 4584 οἰκεῖα
1199 4537 1390 4598 φασκόντων

259 4619 441 4704 &fidantii

197 4703 325 4908 s'z)
345 4713 386 4764 Cf.
405 4713 510 4762 Wsuun
529 4711 581 4761 0.l.
601 4725 679 4775 pagg.
701 4722 732 4760 12
751 4725 821 4774 sqq,
840 4708 886 4775 qui
904 4710 973 4759 bene
991 4708 1082 4759 dehis
1100 4707 1211 4758 disserit
