3717 5575
1014 675 1062 747 50

467 851 651 925 constituto
686 877 732 925 an
767 850 896 949 aliquid
926 853 1095 926 momenti
1125 852 1293 941 habeant,
1327 849 1597 924 examinandum

467 999 546 1048 esse
572 974 662 1048 dicit.
674 971 700 1072 ¹)

518 1097 555 1169 In
589 1097 683 1169 omni
718 1113 838 1170 autem
864 1097 910 1170 de
937 1096 1083 1172 aliorum
1110 1096 1271 1171 doctrinis
1297 1095 1529 1193 disputatione
1559 1111 1597 1169 ut

465 1219 497 1290 in
524 1217 596 1293 aliis
618 1245 761 1316 semper
783 1219 830 1293 ad
853 1220 1159 1294 fundamenta
1180 1246 1246 1294 sua
1268 1219 1385 1292 omnia
1399 1235 1478 1294 sunt
1490 1244 1593 1292 revo-

466 1341 598 1415 canda:
629 1341 760 1439 Cratyl.
787 1348 863 1437 436
880 1343 936 1416 D:
963 1347 1016 1421 δεῖ
1035 1344 1078 1429 δὴ
1102 1346 1193 1448 περὶ
1216 1357 1291 1435 τῆς
1314 1342 1456 1447 ἀρχῆς
1478 1343 1596 1433 παντὸς

465 1463 657 1568 πράγματος
679 1473 774 1543 παντὶ
798 1465 892 1570 oiudpi
914 1468 969 1543 τὸν
993 1463 1094 1547 πολὺν
1119 1466 1216 1568 λόγον
1234 1466 1313 1542 εἶναι
1329 1471 1386 1542 καὶ
1399 1464 1458 1550 τὴν
1472 1464 1596 1550 πολλὴν

465 1589 591 1694 σκέψιν,
619 1598 676 1665 εἴτε
704 1590 803 1692 ὀρθῶς
827 1599 885 1665 εἴτε
907 1588 956 1692 μὴ
982 1588 1160 1666 ὑπόκειται·
1187 1589 1307 1678 ἐκείνης
1330 1583 1366 1664 δὲ
1380 1589 1597 1678 ἐξετασθείσης

430 1753 431 1756 “
466 1713 600 1812 ἱκανῶς,
635 1707 676 1788 τὰ
714 1705 809 1788 λοιπὰ
846 1716 1011 1814 φαίνεσθαι
1049 1714 1152 1815 ἐκείνῃ
1188 1708 1340 1811 ἑπόμενα.
1368 1707 1450 1782 Hoc
1477 1725 1596 1782 autem

465 1848 694 1929 praeceptum
730 1833 763 1905 in
798 1832 951 1929 priorum
978 1833 1155 1907 sententiis
1182 1831 1406 1905 aestimandis
1433 1831 1481 1905 ad
1507 1858 1598 1905 sum-

465 1979 563 2027 mam
600 1956 751 2028 tenuisse
787 1955 996 2042 Pnnrouuu,
1033 1956 1066 2028 in
1103 1954 1268 2052 proximis
1303 1979 1410 2051 spero
1446 1953 1522 2028 sore
1557 1971 1595 2028 ut

465 2093 648 2174 appareat.
692 2076 763 2150 Ad
797 2078 1032 2174 principia
1067 2102 1255 2174 semper
1289 2077 1508 2168 recurrit3
1546 2076 1593 2150 ad

463 2199 553 2273 haec
566 2225 710 2274 omnem
724 2200 829 2273 refert
840 2200 1110 2297 disputationem
1122 2234 1130 2291 3
1142 2197 1169 2297 2)
1183 2200 1211 2272 si
1221 2225 1314 2296 quae
1323 2215 1403 2272 sunt
1411 2197 1491 2288 alia,
1501 2215 1539 2272 ut
1547 2200 1595 2273 ita

464 2323 590 2411 dicam,
604 2322 756 2396 solitaria
768 2320 1056 2420 philosophorum
1069 2321 1208 2420 placita,
1224 2347 1304 2395 cum
1318 2322 1471 2419 ipsorum
1485 2338 1594 2418 syste-

465 2461 599 2517 matum
625 2444 814 2518 rationibus
835 2443 947 2516 minus
968 2443 1202 2532 cohaerentia,
1226 2444 1315 2516 haec
1337 2469 1462 2540 parum
1485 2460 1591 2517 curat.

466 2566 574 2659 Quod
596 2567 624 2639 si
647 2565 816 2639 memoria
837 2565 1020 2654 tenebitur,
1040 2564 1149 2639 multa
1162 2591 1296 2655 eorum,
1312 2590 1405 2663 quae
1419 2563 1466 2638 de
1479 2565 1593 2662 priori-

465 2690 531 2762 bus
562 2687 863 2776 commemoravit,
890 2685 1057 2777 laudavit,
1085 2687 1255 2776 iudicavit,
1284 2689 1471 2785 perspicua
1497 2686 1591 2762 fient.

518 2903 639 2997 Quare
675 2928 720 2976 ne
750 2901 935 2976 credamus
969 2901 1019 2990 iis,
1049 2902 1108 2999 qui
1133 2900 1262 2975 nullam
1288 2903 1321 2975 in
1349 2903 1520 2977 Pimom
1546 2904 1592 2977 hi-

464 3026 577 3099 storici
602 3041 763 3099 naturam
790 3041 901 3122 atque
927 3022 1079 3097 indolem
1106 3050 1186 3097 esse
1214 3024 1339 3098 dicunt.
1353 3022 1378 3121 ³)
1407 3026 1532 3099 Utrum
1559 3027 1592 3098 in

464 3146 604 3247 singulis
626 3147 792 3219 erraverit
813 3146 867 3219 hic
889 3144 1044 3219 nondum
1065 3145 1271 3220 diiudicab0.
1294 3146 1372 3219 Nec
1390 3163 1511 3220 tamen
1523 3147 1592 3220 hoc

466 3269 658 3368 quidquam
694 3268 741 3340 ad
776 3293 871 3340 rem:
899 3267 981 3340 vitia
1007 3292 1118 3365 saepe
1146 3294 1191 3341 ex
1217 3269 1447 3341 subsidiorum
1475 3270 1592 3367 inopia

462 3391 519 3466 vel
555 3391 722 3464 tenuitate
758 3391 931 3481 oriuntur3
968 3415 1034 3462 nec
1061 3389 1109 3463 ad
1135 3390 1384 3488 exponendam
1410 3391 1590 3466 historiam

463 3616 541 3680 τῐμιιι,
566 3614 584 3666 ὦ
611 3616 698 3679 Κέβης,
722 3614 740 3664 ἃ
764 3613 863 3678 λέγεις·
891 3612 934 3662 καὶ
959 3611 1101 3679 ἐξεπίτηδες
1125 3614 1248 3672 πολλάκις
1264 3615 1443 3678 ἀναλαμβάνω,
1459 3619 1499 3666 i'voe
1516 3617 1552 3679 μιὶ
1568 3637 1593 3667 τι

465 3699 576 3764 διαφύγῃ
592 3697 666 3761 ἡμᾶς,
683 3699 707 3746 r’i
721 3696 752 3746 τέ
769 3715 794 3745 τι
814 3694 908 3758 βούλει,
925 3696 1030 3759 προσθῇς
1048 3696 1062 3753 i}
1079 3696 1182 3759 ἀφέλῃς.

511 3786 536 3852 Ι)
554 3797 586 3851 95
597 3786 632 3834 B:
651 3785 722 3847 ἡμεῖς
741 3784 767 3833 δὲ
785 3785 921 3845 Ὁμηρικῶς
938 3781 1017 3846 ἔγγὺς
1027 3782 1106 3841 ἰόντες
1120 3783 1263 3845 πειρώμτθα,
1278 3784 1300 3834 εἰ
1314 3784 1362 3847 ἄρα
1376 3804 1403 3834 τι
1418 3770 1509 3848 λέγειξ,
1525 3785 1592 3835 Vide

461 3873 538 3921 etiam
562 3873 669 3923 Theaet.
697 3871 795 3935 157D:
822 3869 878 3934 (duc
906 3869 949 3932 rb)
978 3868 1013 3927 εἰς
1036 3876 1086 3932 φῶς
1109 3872 1139 3919 τὸ
1162 3872 1204 3919 τὸν
1226 3868 1311 3933 δόγμα
1336 3872 1515 3938 ξυνεξιιγάγιν·
1539 3870 1595 3940 ἐξα·

462 3954 567 4019 χθέντος
584 3954 611 4005 δὲ
628 3956 683 4005 τότ’
702 3953 746 4011 ἤδη
763 3952 890 4013 σκέψομαι
907 3950 955 4000 (ἴτ’
972 3951 1097 4012 ἀνεμιαῖον
1114 3950 1166 4001 dn
1182 3954 1283 4014 γόνιμον
1299 3953 1495 4016 ἀναφανήσεται.

509 4040 537 4106 2)
555 4041 595 4090 Cf.
615 4058 637 4091 e.
648 4058 673 4107 g.
691 4039 799 4089 Theaet.
821 4036 919 4086 160D:
939 4037 1081 4100 Παγκᾶλιις
1104 4038 1152 4099 upa
1176 4056 1215 4089 σοι
1238 4036 1332 4100 (lpum
1349 4039 1388 4088 dri
1405 4037 1534 4104 ἐπιστήμη
1552 4040 1594 4091 οὐκ

462 4122 527 4172 ἄλλο
542 4125 572 4172 τί
584 4123 652 4173 ἐστιν
668 4125 682 4181 ii
698 4121 819 4179 ιίίτθνσις,
835 4120 878 4169 καὶ
892 4120 939 4178 εἷς
957 4119 1077 4169 τιιῖιτὸν
1094 4120 1340 4181 συμπέπτωκεν,
1355 4125 1422 4172 narie
1432 4124 1594 4186 μὲνὍμκριιν

462 4204 505 4254 nai
526 4204 686 4267 Ἣράκλιιτιν
709 4203 750 4253 καὶ
773 4207 822 4252 πᾶν
846 4204 875 4251 τὸ
896 4206 1009 4251 τοιοῦτον
1026 4206 1103 4264 φῦλον
1121 4198 1170 4251 οἷον
1188 4201 1301 4263 ῥεύματα
1317 4204 1433 4253 κιννῖσθνιι
1451 4207 1486 4255 τὰ
1503 4206 1595 4262 πάντα,

462 4288 529 4335 κατὰ
554 4285 580 4335 δὲ
602 4285 767 4348 Πρωτᾶγομιν
784 4285 828 4332 τὸν
845 4282 994 4345 σοφώτατον
1011 4283 1110 4333 πάντων
1127 4284 1265 4346 χρημάτων
1282 4284 1402 4347 ἅνθρωποι
1420 4286 1510 4349 μέτρον
1527 4284 1596 4345 εἶναι,

462 4372 529 4417 κατὰ
546 4368 572 4417 δὲ
590 4371 729 4426 Θεαίτητον
747 4365 843 4416 τούτων
863 4365 940 4423 οὕτως
959 4363 1068 4428 ἐχόντων
1084 4364 1198 4422 dicineo
1215 4366 1357 4429 ἐπιττιὶμκν
1373 4370 1514 4433 γΙγνιτθνιι.

509 4455 537 4521 3)
556 4456 585 4504 F.
606 4456 718 4518 Wuuuu,
736 4451 901 4500 Platonische
920 4451 1030 4499 Notizen
1051 4453 1114 4500 iiber
1133 4450 1262 4516 Orpheus.
1282 4454 1415 4504 Miinchen
1438 4454 1514 4520 1899.
1534 4474 1593 4523 pag.

464 4552 512 4604 43:
538 4542 595 4604 „Zu
620 4541 691 4591 dem
715 4538 780 4588 auch
806 4538 849 4586 bei
874 4537 973 4586 anderu
999 4537 1106 4587 antiken
1134 4540 1249 4589 Antoren
1268 4540 1306 4590 oft
1324 4542 1384 4591 sehr
1402 4543 1473 4592 stark
1489 4544 1594 4592 hervor-

464 4627 599 4676 tretendeu
628 4624 763 4690 Mangel
789 4639 827 4672 an
855 4623 1164 4686 geschichtlichem
1193 4626 1296 4676 Sinue
1320 4628 1420 4679 kommt
1438 4630 1481 4679 bei
1500 4630 1592 4679 Platon

464 4714 531 4763 noch
550 4722 629 4763 etwas
648 4710 792 4762 Auderes.”
