3717 5575
803 714 851 805 83

257 927 401 1004 verant,
443 911 506 1010 qui
547 911 711 1009 speciem
748 911 898 1010 quidem
937 910 1162 986 initiatorum
1200 911 1387 1003 offerrent,

256 1035 419 1133 ipsarum
455 1059 578 1108 rerunt
614 1032 690 1107 vim
727 1049 765 1107 et
803 1032 1026 1107 sententiam
1055 1033 1206 1107 omnino
1234 1058 1310 1107 non
1339 1033 1389 1106 in·

255 1155 488 1254 tellegerent,
504 1151 531 1252 ¹)
572 1154 611 1229 id
649 1157 752 1254 quod
790 1155 877 1254 ipsis
914 1155 1088 1253 Orphicis
1124 1155 1273 1230 minime
1309 1171 1390 1230 erat

257 1279 447 1378 ignotum:
482 1283 558 1356 εἰσὶν
594 1274 659 1382 γὰρ
697 1280 757 1380 δή,
793 1277 835 1370 ὥς
873 1310 969 1381 φασιν
1005 1281 1035 1355 οἱ
1071 1281 1137 1383 περὶ
1164 1274 1223 1370 τὰς
1249 1275 1390 1381 τελετάς,

257 1401 485 1505 ναρθηκοφόροι
512 1398 572 1503 μὲν
599 1405 727 1499 πολλοί,
754 1399 880 1505 βοίκχοι
908 1399 948 1477 δέ
972 1432 1004 1477 τε
1031 1397 1204 1506 παῦροι·’)
1229 1400 1390 1497 denique

257 1524 352 1597 inter
373 1548 439 1597 eos
454 1548 605 1621 quoque
623 1520 726 1596 multi
742 1522 915 1596 doctrinis
930 1521 1030 1596 hisce
1045 1537 1130 1596 sunt
1143 1522 1261 1615 abusi,
1276 1524 1388 1597 etiam

257 1643 345 1720 lucri
372 1646 530 1721 faciendi
558 1670 681 1720 causa.
708 1645 927 1720 Perversum
952 1642 1066 1718 talem
1081 1669 1188 1718 usum
1202 1646 1390 1742 vituperat

260 1767 523 1843 HERncmus:
551 1763 593 1845 roi
621 1763 686 1873 γὰρ
708 1767 907 1871 νομιζόμενα
930 1763 1004 1845 κατ’
1026 1766 1211 1870 ἀνθρώποις
1224 1770 1389 1873 μυστήρια

257 1890 422 1995 οἷνιεροοτί
441 1899 595 1994 μυοῦνται
608 1886 659 1987 ’3)
682 1890 843 1963 eundem
864 1889 1074 1962 Pnurounu
1090 1914 1241 1986 quoque
1255 1890 1389 1987 impro-

255 2013 345 2087 bare
373 2028 507 2109 postea
534 2011 859 2087 demonstrabitur.

312 2134 368 2208 At
408 2134 575 2209 eiusdem
619 2133 850 2209 Heracliti
886 2133 1192 2208 doctrinas.cum
1230 2133 1390 2231 Orphi-

255 2282 410 2330 corum
438 2257 613 2330 doctrinis
639 2257 823 2331 interdum
851 2257 1053 2330 cohaerere
1076 2281 1150 2330 non
1175 2281 1326 2354 prorsus
1339 2258 1390 2330 in·

255 2379 346 2453 iuria
380 2380 607 2454 contendere
635 2377 799 2453 nonnulli
827 2378 1000 2453 videntur
1009 2377 1047 2476 3⁴)
1075 2395 1270 2477 praeterea
1297 2404 1389 2453 vero

255 2500 316 2574 alii
344 2527 496 2600 quoque
522 2500 805 2599 prae-Socratici
829 2500 1041 2600 philosophi
1065 2528 1148 2575 cum
1173 2501 1390 2600 Orphicis

255 2648 368 2721 quani
409 2640 491 2698 arto
533 2623 680 2699 vinculo
722 2640 807 2699 sunt
844 2621 1015 2722 iuncti!⁵)
1052 2623 1389 2722 Xenophanem

303 2855 329 2923 ι)
348 2856 389 2906 Cf.
413 2856 530 2905 Bosctm
556 2871 581 2906 o.
590 2854 609 2906 1.
634 2871 695 2922 pag.
720 2867 788 2920 430:
814 2856 882 2921 „Die
903 2856 1074 2922 Emeueruug
1093 2854 1139 2907 der
1156 2854 1314 2920 orphischeu
1332 2854 1391 2919 My·

256 2941 320 3007 nik,
342 2942 385 2993 die
411 2957 456 2992 aus
482 2943 554 2993 einer
578 2942 734 3009 Vertietung
756 2943 803 2993 der
827 2943 1102 3009 Gewissenhnitigkeit
1119 2942 1286 3008 hervorging,
1303 2941 1390 2992 fflhrte

256 3028 301 3077 bei
318 3027 364 3079 der
382 3029 468 3079 Messe
485 3045 535 3079 nur
552 3044 583 3080 ιιι
601 3030 675 3080 einer
692 3045 778 3081 neuen
797 3029 1021 3081 DeisidlmonieJ‘

302 3115 331 3183 a)
349 3117 449 3182 mro,
467 3116 599 3166 Phaedon.
618 3117 653 3181 ⁶9
664 3117 693 3166 C.
713 3116 753 3167 cf.
772 3133 858 3183 supra,
876 3133 937 3183 pag.
957 3116 1000 3182 65.

303 3202 332 3271 3)
348 3203 434 3253 Dms
451 3203 504 3253 ol.
523 3219 583 3268 pag.
602 3203 637 3267 69
655 3204 686 3253 fr.
707 3217 739 3266 14
757 3203 798 3271 (in
817 3203 889 3270 fine).

303 3289 333 3356 4)
350 3288 403 3339 Hic
427 3305 489 3340 vero
512 3290 633 3342 cautione
652 3306 719 3356 opus
738 3299 786 3358 est,
805 3291 932 3356 imprimis
950 3306 984 3340 ne
1004 3305 1108 3356 prorsus
1127 3287 1319 3340 confundantur
1336 3302 1391 3351 my·

259 3376 338 3425 steria
354 3382 381 3426 et
399 3375 573 3442 Orphicornm
592 3377 735 3428 doctrinae.
754 3377 840 3440 Quam
857 3378 892 3428 ob
911 3393 966 3427 rem
979 3377 1054 3426 mitto
1068 3375 1112 3426 hic
1128 3376 1313 3426 Prnrromrnr
1322 3389 1389 3439 opus

260 3459 334 3527 (,die
359 3462 528 3529 Philosophie
556 3464 602 3514 des
629 3463 749 3514 Heraklit
776 3479 829 3514 von
855 3463 977 3530 Ephesos
1004 3464 1041 3513 im
1061 3461 1153 3512 Lichte
1171 3460 1217 3513 der
1234 3460 1389 3524 Mysterien·

258 3545 345 3613 Μεθ’,
368 3548 456 3598 Berlin
481 3547 569 3616 1886),
587 3549 620 3600 de
638 3565 692 3615 quo
709 3566 789 3616 opere
806 3550 841 3601 cf.
860 3551 980 3616 Grurrn,
1001 3550 1031 3600 C.
1043 3565 1068 3599 u.
1078 3549 1116 3599 M.
1135 3565 1195 3615 pag.
1214 3548 1266 3613 654
1284 3547 1345 3597 adn.
1367 3559 1390 3613 ι,

258 3634 400 3684 Lonrztno
416 3633 462 3700 (ef.
481 3651 554 3701 prox.
573 3635 647 3704 adu.)
661 3653 721 3702 pag.
739 3637 791 3700 316
806 3652 875 3703 sqq..
890 3637 947 3688 Nec
962 3652 1055 3687 revoco
1071 3636 1104 3686 ad
1114 3636 1284 3685 wintanum
1292 3634 1388 3683 librum

256 3719 388 3771 laudatum
406 3718 496 3787 (pagg.
521 3733 671 3789 ιιι-227,
686 3739 765 3789 pagg.
779 3723 840 3789 367,
855 3722 927 3790 368).
944 3724 1056 3774 Atride
1072 3723 1173 3788 Mensa
1189 3721 1389 3787 Orpheus,png.

260 3806 309 3870 167
340 3807 373 3857 de
406 3807 554 3858 Heraclito:
584 3809 655 3872 „und
686 3809 754 3860 doch
786 3810 831 3860 hat
857 3825 886 3860 er
913 3810 1075 3876 Orphisches
1101 3809 1174 3859 nicht
1201 3804 1391 3872 verschmiht‘’,

257 3907 336 3957 quam
358 3900 443 3943 tammi
462 3895 618 3944 sententiam
636 3896 781 3945 Mussmu
800 3912 853 3946 non
872 3896 1072 3963 demonstrasse,
1089 3896 1144 3945 iure
1161 3894 1226 3945 dicit
1246 3895 1388 3944 lomnes

257 3976 331 4045 (pag.
353 3979 422 4046 166),
441 3988 574 4046 praeterea
588 3982 709 4047 Gauron,
723 3984 753 4033 C.
763 3999 789 4033 u.
799 3984 836 4033 Μ.
852 3999 929 4049 pagg.
945 3982 1086 4048 646-654
1097 3981 1143 4048 (cf.
1153 3988 1238 4032 tamen
1248 3983 1390 4031 Lommu

259 4082 320 4132 pag.
347 4066 417 4133 156)3
442 4066 554 4117 (inum
577 4069 648 4133 apud
666 4069 797 4119 Roscustt
814 4069 868 4119 o.l.
886 4069 937 4119 col.
960 4068 1036 4132 1184.
1057 4069 1154 4119 Contra
1173 4069 1325 4132 Lommo,
1343 4066 1389 4130 qui

256 4168 310 4202 non
334 4160 412 4218 neget
427 4153 472 4204 ille
487 4152 603 4220 quidem,
621 4155 696 4219 „dass
711 4170 739 4205 er
753 4153 926 4222 (Heraclitus)
941 4172 974 4206 an
984 4156 1092 4221 gemisse
1103 4155 1181 4205 einen
1191 4154 1265 4203 mehr
1273 4152 1389 4218 philoso-

259 4239 387 4304 phischen
410 4239 551 4290 Charekter
576 4242 700 4306 tragende
724 4241 929 4308 Vorstellungen
954 4242 1000 4292 der
1018 4240 1176 4307 orphischeu
1196 4240 1334 4305 Gedichte,
1349 4254 1389 4289 so·

260 4326 321 4376 veit
350 4326 404 4375 ihm
435 4326 524 4377 solche
546 4327 680 4393 vonagen,
704 4328 869 4394 angeknupft
893 4328 965 4395 hat,‘’
990 4335 1103 4378 ceterum
1126 4342 1188 4377 vero
1212 4333 1315 4375 censet:
1342 4340 1390 4389 „an

260 4413 318 4463 eine
342 4413 432 4463 tietere
456 4413 629 4479 Einwirlrung
647 4415 694 4465 der
712 4414 815 4480 Orphilr
833 4415 879 4466 aut
895 4416 1017 4466 Heraklit
1037 4415 1071 4465 ist
1090 4413 1171 4464 sehon
1190 4412 1299 4462 deshalb
1317 4411 1390 4461 nicht

260 4515 292 4549 ιιι
312 4498 426 4565 denken,
450 4500 510 4550 weil
533 4500 587 4551 ihm
611 4501 654 4550 die
677 4501 902 4567 Metempsychose
921 4503 1004 4567 vollig
1019 4502 1103 4552 iremd
1121 4499 1181 4550 ist.''
1200 4500 1240 4551 Cf.
1259 4506 1393 4564 praeterea

261 4585 368 4635 Zmint
387 4584 470 4637 o.1.1
491 4587 521 4637 2⁸
539 4603 599 4653 pag.
619 4599 670 4651 729
687 4587 748 4638 adn.
768 4601 793 4655 2,
810 4605 887 4654 pagg.
909 4601 957 4652 741
979 4604 1039 4654 sqq.

306 4671 333 4738 5)
351 4673 442 4723 Varias
457 4674 629 4724 recentiorum
645 4673 678 4724 de
693 4674 793 4725 ratione
810 4690 876 4740 quae
889 4677 958 4726 inter
967 4674 1098 4741 Orphicos
1108 4681 1134 4724 et
1144 4671 1316 4739 philosophos
1326 4688 1392 4737 quos

261 4757 351 4809 dicunt
375 4759 513 4810 intercedit
536 4761 679 4810 sententias
703 4762 833 4812 recensuit
857 4763 1009 4829 mantuo,
1028 4759 1132 4811 Bericht
1149 4762 1214 4810 ttber
1232 4760 1274 4810 die
1293 4760 1390 4824 griech.
