3717 5575
799 674 848 744 43

337 849 431 946 Cap.
449 847 516 922 IX.
529 848 602 921 Die
612 845 804 922 einzelnen
813 846 1121 945 Erscheinungen
1133 848 1200 921 der
1210 847 1414 946 Sophistik.

337 970 430 1068 Cap.
457 969 506 1044 X.
533 967 901 1043 Wissenschastliche
916 968 993 1042 und
1008 966 1418 1067 culturgeschichtliche

282 1092 506 1190 Bedeutung
533 1093 600 1166 der
627 1091 832 1189 Sophistik.

337 1337 387 1412 A.
413 1337 446 1434 J.
472 1359 519 1411 nr
542 1335 694 1428 Subdu,
724 1334 953 1410 Platonis
980 1336 1036 1411 de
1064 1337 1417 1435 antiquissima

282 1459 608 1559 philosophia
649 1458 952 1532 testimonia.
999 1458 1143 1556 Upsala
1190 1463 1302 1552 1880,
1341 1485 1417 1557 quo

282 1609 397 1682 opere
437 1599 563 1657 tamen
605 1607 703 1679 quae
743 1596 947 1656 tractentur
984 1582 1128 1680 ignom,
1167 1609 1251 1657 cunr
1284 1583 1417 1657 frustra

283 1706 474 1804 acquirere
501 1720 657 1779 conatus
686 1704 768 1779 sim.

339 1950 392 2025 M.
413 1949 577 2023 Senon.
603 1948 839 2046 Beitrage
861 1973 942 2021 zur
965 1948 1417 2023 vorsokratischen

285 2072 610 2170 Philosophie
637 2096 722 2145 aus
750 2071 889 2145 Pinio.
921 2070 1035 2144 Cuius
1066 2071 1189 2168 operis
1219 2070 1284 2143 nisi
1309 2071 1418 2145 fallor

284 2220 358 2270 non
387 2195 453 2269 nisi
481 2194 600 2292 prima
622 2219 711 2293 pars
735 2218 810 2291 qua
833 2193 881 2267 de
896 2193 1081 2290 Sophistis
1095 2194 1230 2291 agitur,
1246 2193 1282 2266 in
1297 2192 1417 2267 lucem

285 2319 385 2393 edita
412 2332 480 2392 est.
507 2317 683 2391 Ceterum
707 2341 754 2390 ex
776 2317 858 2413 ipsa
872 2315 1109 2413 inscriptione
1123 2330 1284 2414 apparet
1297 2316 1419 2413 magis

285 2442 334 2515 ad
369 2439 687 2539 prae-Socraticos
723 2462 837 2537 quam
865 2439 915 2512 ad
944 2439 1153 2513 Prnrouuu
1181 2438 1418 2513 illustrandos

284 2564 459 2663 scriptum
487 2587 570 2637 esse
597 2563 696 2636 hunc
722 2560 867 2635 librum.
886 2554 912 2654 ¹)

339 2812 397 2886 Ea
433 2834 561 2908 opera,
600 2833 698 2908 quae
733 2809 782 2883 de
818 2806 972 2908 singuiis
1005 2809 1157 2884 huiusce
1188 2809 1417 2908 quaestionis

284 2935 452 3033 partibus
478 2946 608 3031 agunt,
638 2932 712 3005 suis
737 2929 829 3005 iocis
855 2956 1151 3006 commemorare
1180 2946 1357 3029 praestat.

338 3056 581 3155 Itaqueiam
610 3078 708 3152 quae
737 3054 786 3128 de
813 3054 965 3128 huiusce
993 3054 1253 3152 disputationis
1282 3078 1415 3152 propo·

283 3179 366 3269 sito,
403 3178 548 3269 finibus,
582 3174 869 3269 difficultatibus,
899 3176 1080 3249 methodo
1108 3175 1266 3251 dicenda
1295 3191 1414 3267 erant,

284 3300 450 3375 habeant
475 3299 574 3372 hunc
601 3298 810 3373 terminum.

321 4246 347 4315 r)
366 4247 497 4298 Addenda
521 4255 596 4297 sunt:
620 4248 651 4298 E.
677 4248 795 4314 ZttLun,
815 4245 911 4297 Plato‘s
930 4246 1137 4311 Mittheilungeu
1156 4246 1220 4294 tiber
1238 4243 1340 4294 frithere
1359 4242 1414 4293 und

273 4333 454 4401 gleichzeitige
481 4334 659 4400 Philosophen
683 4333 776 4399 (Arch.
800 4333 818 4384 f.
837 4334 933 4384 Gesch.
959 4333 985 4383 d.
1010 4333 1108 4383 Philos.
1133 4333 1167 4398 V,
1191 4344 1216 4381 2.
1240 4329 1316 4396 1897.
1336 4347 1414 4397 pagg.

277 4419 436 4488 165—184)‚
456 4421 488 4471 ad
507 4437 585 4486 quam
603 4421 808 4486 disputationem
827 4421 931 4486 saepius
950 4435 1086 4469 recurram.

319 4508 398 4557 Hnus
416 4509 534 4573 Rarum,
553 4507 646 4557 Platon
665 4523 699 4574 og
716 4508 782 4558 hans
802 4507 984 4573 Forgjaengere
1002 4506 1119 4571 (Studier
1134 4505 1173 4555 ira
1189 4505 1284 4570 Sprog·
1301 4521 1336 4571 og
1351 4504 1415 4555 Old·

273 4594 455 4660 tidssorskiug‚
472 4593 587 4658 udgivne
605 4594 635 4644 ai
649 4594 694 4644 det
711 4592 1027 4660 Philologisir·historiske
1043 4592 1169 4642 Samiund
1184 4592 1230 4641 Νι.
1247 4602 1290 4654 47.
1308 4591 1415 4643 deeu·

274 4680 352 4732 Μ·
375 4694 443 4782 19(ζο
461 4679 508 4746 (32
528 4679 626 4746 Pace)-
