3717 5575
977 650 1048 740 176

443 845 536 919 dens
563 844 686 919 verbis
713 850 789 923 θεῶν
818 849 931 936 παῖδες
957 847 1088 933 naturai
1112 849 1169 921 καὶ
1195 857 1352 948 προφῆται
1379 842 1571 940 Orpheum

443 966 594 1042 indicari
617 983 655 1040 et
680 962 927 1062 Musaeum‚¹)
953 965 1000 1039 ad
1025 965 1213 1039 Pnnr'ours
1235 966 1284 1039 de
1308 964 1464 1062 Orpheo
1487 990 1572 1064 cog·

443 1091 668 1165 noscendam
690 1088 903 1187 opinionem
928 1088 1131 1185 quidquam
1155 1088 1185 1160 is
1205 1088 1291 1161 mihi
1305 1087 1451 1162 videtur
1467 1087 1572 1186 perti·

443 1239 548 1288 nere:
578 1238 664 1286 nam
693 1239 777 1286 cum
806 1212 898 1286 haec
926 1236 1078 1308 quoque
1107 1210 1142 1283 in
1173 1210 1375 1284 Amissum
1403 1210 1571 1285 oratione

440 1521 541 1555 versam
563 1503 713 1569 lectionem,
738 1518 805 1567 quae
830 1510 916 1552 umen
941 1517 1011 1552 mera
1036 1503 1184 1553 coniectura
1202 1503 1308 1553 nititur:
1326 1499 1388 1551 ω’
1405 1498 1575 1564 ύφολύσσυσιν

438 1585 619 1653 ύγοιζομύνους
635 1587 666 1636 ai
679 1586 787 1637 τελεταὶ
803 1585 846 1635 καὶ
863 1586 889 1635 οἱ
903 1584 985 1635 λύσιοι
1004 1585 1060 1643 ύοού,
1077 1585 1109 1644 ὥς
1126 1597 1200 1636 rura.

485 1673 570 1735 Quam
589 1672 622 1722 ad
640 1672 780 1722 lectionem
798 1670 989 1721 defendendam
1009 1686 1075 1735 quae
1091 1671 1164 1721 affert
1179 1672 1356 1721 Huamturtus
1371 1671 1495 1722 editionis
1511 1686 1571 1721 suae

441 1778 501 1827 pag.
526 1761 560 1826 V,
584 1759 648 1809 mihi
669 1759 789 1808 videntur
808 1758 912 1823 probari
931 1774 986 1807 non
1006 1773 1097 1823 posse:
1116 1774 1175 1808 nam
1195 1757 1266 1823 quod
1285 1758 1348 1809 dicit
1366 1759 1571 1824 appellationem

439 1841 535 1908 ύφύλε
555 1847 627 1897 omni
645 1846 672 1896 vi
697 1860 792 1911 carere,
817 1860 870 1894 uon
896 1844 984 1909 video,
1007 1860 1052 1894 cur
1069 1845 1119 1895 hoc
1137 1845 1215 1896 modo
1230 1846 1358 1910 appellari
1375 1861 1429 1895 non
1449 1845 1531 1911 possit
1548 1845 1595 1905 is,

441 1936 487 2002 qui
511 1935 589 1985 dixit:
609 1929 679 1979 ἆλλὶ
696 1930 746 1992 γᾶρ
762 1933 787 1977 ἓν
803 1925 893 1978 “Atdw
910 1926 978 1985 δίκην
995 1926 1114 1997 δύνομιν,
1132 1933 1165 1982 ab
1184 1948 1224 1998 eo,
1244 1933 1290 1998 qui
1308 1932 1452 1982 iniustitiae
1467 1946 1570 1981 causm

440 2021 572 2087 deiendit3
597 2036 664 2087 quae
688 2027 774 2071 autem
797 2019 831 2069 de
856 2020 936 2070 verbo
955 2020 1026 2086 quod
1045 2028 1084 2069 est
1103 2016 1267 2081 λυγιζόμενος
1285 2018 1359 2069 addit
1376 2047 1412 2057 -
1429 2019 1568 2069 absurdum

440 2125 496 2159 esse
520 2109 546 2159 in
566 2123 603 2173 re,
622 2122 689 2172 quae
708 2106 814 2157 Graecis
833 2105 954 2155 omnibus
973 2106 1039 2155 adeo
1057 2112 1120 2155 nota
1138 2113 1164 2156 et
1184 2106 1307 2171 proclivis
1326 2113 1403 2171 esset,
1420 2114 1449 2156 ut
1468 2104 1569 2155 ratioci-

439 2196 545 2246 natione
569 2209 624 2244 non
648 2193 777 2260 indigeret
801 2221 844 2259 -‚
864 2208 950 2257 neque
966 2192 1031 2242 haec
1048 2193 1136 2242 valere
1154 2192 1219 2242 mihi
1237 2192 1367 2257 videntur,
1385 2208 1444 2242 cum
1462 2193 1568 2242 verbum

438 2282 505 2332 illud
533 2297 586 2331 nou
615 2280 649 2331 ad
676 2280 761 2345 ipsam
789 2295 852 2344 rem,
878 2280 925 2329 sed
948 2279 982 2329 ad
1006 2295 1037 2329 ea
1061 2295 1128 2345 quae
1151 2279 1250 2329 dehac
1268 2295 1296 2329 re
1314 2286 1391 2329 antea
1410 2279 1479 2329 dicta
1497 2286 1569 2328 erant

439 2367 538 2436 (364D
564 2367 637 2434 sqq.)
665 2368 803 2433 pertineat,
831 2375 963 2432 praeterea
987 2382 1040 2416 non
1066 2368 1236 2433 ratiocinans,
1260 2366 1306 2416 sed
1330 2367 1462 2416 calculans
1480 2372 1570 2415 sonet:

439 2456 555 2521 denique
582 2469 750 2520 personarum
776 2453 964 2519 confusionem,
989 2469 1067 2518 quam
1090 2453 1221 2518 vituperat
1245 2454 1422 2503 Heumuus
1446 2448 1569 2520 (φήσομεν

440 2541 520 2606 3650
537 2535 612 2601 φύσει
631 2540 682 2604 366
694 2539 740 2607 A),
757 2556 773 2590 a
790 2541 926 2590 Pmouts
943 2540 1074 2589 scribendi
1093 2541 1192 2590 ratione
1210 2539 1325 2590 alienum
1341 2556 1406 2606 esse,
1421 2555 1475 2589 non
1491 2539 1567 2589 facile

440 2630 500 2695 quis
524 2628 725 2678 demonstrabit:
750 2628 841 2692 itaque
862 2635 941 2677 restat
960 2627 987 2676 id
1006 2643 1096 2693 unum,
1113 2628 1185 2692 quod
1204 2627 1349 2693 complures
1368 2628 1472 2677 codices
1490 2628 1568 2677 verba

437 2707 470 2761 ού
493 2710 563 2775 μέγα
585 2709 702 2761 δύνανται
726 2714 862 2764 omittunt:
888 2713 961 2778 quod
985 2713 1093 2762 omnino
1118 2715 1233 2764 sufficere
1257 2713 1321 2762 mihi
1343 2728 1396 2762 non
1416 2712 1518 2763 videtur
1535 2712 1569 2762 ad

439 2806 595 2855 Humum
613 2803 739 2853 rationem
758 2801 933 2867 probandam:
952 2801 1048 2851 etenim
1067 2817 1126 2850 cum
1144 2802 1232 2851 omnia
1248 2802 1300 2851 sint
1315 2802 1417 2865 integra
1432 2801 1483 2851 nisi
1499 2800 1569 2866 quod

439 2892 519 2941 verba
533 2882 565 2937 ού
579 2886 651 2951 μέγα
664 2885 781 2935 δύνανται
796 2887 925 2938 inferioris
941 2895 1019 2939 notae
1035 2888 1096 2937 libri
1111 2889 1161 2939 soli
1177 2889 1310 2955 exhibent,
1324 2889 1397 2955 prius
1407 2889 1569 2938 Huuuauuo

438 2986 493 3029 erat
518 2977 703 3043 quaerendum,
726 2983 848 3043 possetne
866 2975 944 3025 huius
963 2975 1112 3025 omissionis
1130 2992 1207 3026 causa
1225 2976 1352 3026 inveniri:
1371 2991 1449 3040 quam
1468 2990 1569 3025 causam

438 3065 562 3131 indagare
586 3065 656 3115 haud
680 3079 742 3114 sane
766 3062 871 3113 difficile
892 3077 1001 3112 censeo:
1022 3078 1069 3127 per
1086 3063 1303 3129 haplographiam
1321 3062 1398 3112 facile
1417 3063 1509 3112 vitium
1528 3078 1569 3112 ex-

439 3153 564 3218 plicatur:
591 3153 680 3218 itaque
708 3151 815 3201 omnino
839 3150 983 3199 mutatione
1007 3165 1062 3199 non
1087 3157 1126 3200 est
1151 3165 1232 3216 opus:
1258 3152 1337 3199 verba
1360 3146 1431 3209 μέγα
1453 3144 1569 3195 δύνανται

439 3240 538 3305 optime
554 3238 682 3304 quadrant
696 3239 725 3287 in
740 3233 1080 3299 ἱ11ιιάλυγνζύμσνοο,εἱὶνοο
1089 3238 1197 3287 verbum
1206 3237 1420 3301 interpretamur:
1429 3238 1570 3302 calculans,

437 3327 547 3376 calculos
564 3326 713 3375 subducens.
733 3323 774 3374 Cf.
792 3325 820 3374 in
839 3325 989 3374 universum
1005 3325 1029 3389 J.
1049 3324 1144 3390 Annas,
1158 3324 1215 3374 The
1231 3324 1298 3388 Rep.
1314 3323 1344 3373 os
1356 3324 1441 3373 Plato.
1458 3324 1479 3373 Ι.
1496 3323 1570 3373 Cam·

437 3412 530 3478 bridge
552 3425 629 3478 1902,
645 3412 679 3461 ad
697 3410 791 3461 locum.

482 3500 509 3549 Si
534 3499 599 3565 quid
622 3499 774 3548 mutandum
799 3504 847 3564 est,
871 3504 911 3548 est
935 3499 1063 3564 posterior
1085 3497 1231 3549 sententiae
1250 3514 1320 3564 pars,
1340 3513 1407 3562 quae
1424 3498 1568 3563 graviorem

438 3586 543 3637 exhibet
567 3585 746 3651 tautologiam,
767 3585 896 3651 siquidem
915 3588 994 3637 verba
1012 3582 1116 3646 λέγουσι
1135 3594 1161 3636 et
1176 3582 1295 3644 μηνύουσι
1314 3586 1383 3637 idem
1401 3585 1454 3636 iere
1471 3592 1565 3635 sonant

438 3672 549 3740 [scilicet
566 3672 654 3723 verbis
672 3667 698 3718 oi
717 3696 751 3707 -
773 3667 892 3730 μηνύουσι
910 3674 1050 3724 locutionis
1068 3672 1094 3721 οἱ
1105 3671 1160 3721 θεῶν
1174 3669 1262 3729 παῖδας
1277 3675 1331 3724 vim
1346 3673 1429 3723 minui
1438 3673 1502 3722 mihi
1512 3688 1565 3723 non

437 3766 477 3808 est
496 3758 666 3825 persuasum];
685 3759 726 3808 cui
742 3757 895 3824 pleonasmo
910 3759 987 3810 facile
1003 3762 1164 3824 subvenitur,
1178 3761 1201 3811 si
1214 3761 1257 3810 vel
1272 3761 1351 3811 verba
1365 3755 1568 3815 οἳτσύσοούτυς

435 3841 505 3906 ’ύχοιν
527 3845 690 3911 glossematis
713 3845 772 3895 loco
796 3844 934 3910 habentur,
957 3847 1051 3895 vel-
1070 3848 1142 3913 quod
1160 3848 1243 3897 levius
1262 3856 1301 3897 est
1320 3875 1354 3884 -
1372 3848 1528 3897 vocabulum
1547 3843 1572 3894 oi

437 3948 484 3999 per
508 3931 711 3998 dittographiam
737 3930 884 3998 [γενόμενοι
907 3927 942 3996 οἵ]
967 3934 1084 3984 additum
1107 3950 1163 3984 esse
1188 3934 1361 3985 statuitur-
1381 3934 1408 3984 id
1427 3934 1567 4000 quodiam

437 4021 557 4070 Frentum
573 4028 598 4068 et
614 4019 782 4068 Memnoniis
797 4021 964 4085 proposuisse
978 4021 1033 4071 vidi
1042 4049 1086 4087 -,
1095 4021 1288 4086 interpungitur
1297 4027 1383 4070 autem
1392 4028 1452 4085 post
1460 4021 1568 4070 verbum

438 4102 552 4172 λέγουσι,
569 4106 606 4156 ita
624 4112 653 4155 ut
670 4107 801 4156 sententia
815 4107 849 4156 sit
862 4107 941 4158 haec:
956 4103 1026 4162 ἀλλ’,
1039 4101 1057 4153 oi
1072 4105 1140 4168 φίλε,
1154 4103 1230 4168 φήσαι
1245 4104 1416 4170 λυγιζόμενος,
1429 4105 1570 4154 alrrmaei

435 4189 478 4241 nui
500 4190 526 4241 oi
541 4188 623 4239 λύσιοι
641 4188 689 4239 troi
707 4188 777 4256 pipp
794 4188 920 4249 δύνανται,
938 4191 970 4250 oie
987 4193 1017 4243 a!
1031 4192 1155 4256 μέγιστοι
1172 4195 1258 4251 πόλεις
1276 4190 1396 4256 liparea·
1414 4192 1457 4241 nai
1473 4193 1499 4242 ού
1514 4192 1570 4242 itur

434 4272 521 4331 παῖδες
545 4271 648 4330 ποιηταὶ
665 4269 707 4320 rai
724 4274 849 4335 προφῆται
867 4280 915 4322 τῶν
933 4272 990 4324 lsai
1006 4278 1132 4338 γουύμονοι
1150 4278 1236 4325 τούτου
1254 4275 1331 4332 oiim
1347 4272 1418 4337 ’ύχοιν
1435 4274 1567 4336 μηνύουσυε

435 4366 516 4408 ut...
534 4358 653 4408 civitates
671 4357 776 4407 dicunt:
796 4364 822 4406 et
841 4363 934 4423 poetae
952 4361 1016 4410 haec
1034 4362 1071 4410 ita
1089 4376 1146 4411 esse
1165 4362 1290 4411 affirmant
1307 4358 1458 4426 (indicant).

480 4444 531 4495 Sed
555 4459 613 4494 eum
638 4443 765 4493 eiusmodi
790 4444 971 4509 pleonasmum
994 4463 1009 4496 a
1033 4463 1151 4497 sermone
1177 4447 1276 4496 Graeco
1300 4446 1414 4495 alienum
1439 4461 1495 4495 esse
1513 4461 1567 4494 non

435 4530 512 4581 facile
531 4531 722 4580 demonstretur
739 4528 810 4595 (vide
830 4531 961 4599 Kituuutt,
980 4533 1055 4583 Ausi.
1074 4533 1187 4584 Gramm.
1206 4533 1232 4583 d
1252 4533 1297 4582 Gr·
1317 4532 1386 4598 Spr.³
1404 4533 1440 4598 11,
1460 4532 1488 4582 2¹
1506 4548 1565 4597 pag.

439 4616 527 4684 1090),
546 4617 637 4666 dubito
655 4630 744 4666 annon
772 4617 879 4666 omnino
897 4620 1042 4670 mutatione
1061 4636 1127 4685 opus
1146 4621 1193 4669 sit:
1210 4620 1244 4669 ci.
1264 4620 1350 4669 Anam
1368 4619 1421 4668 o.l.
1439 4619 1472 4669 ad
1490 4620 1540 4669 loc.

484 4702 510 4769 ¹)
528 4702 581 4753 0·1·
600 4719 660 4769 raa·
681 4714 711 4772 ⁷3
731 4718 791 4767 nas·
812 4715 858 4770 1¹3
877 4721 937 4770 ras·
959 4718 990 4769 ¹³
1009 4707 1070 4757 adn·
1090 4720 1138 4774 243
1158 4723 1217 4772 naa·
1237 4718 1280 4770 ss·
