3717 5575
997 683 1068 773 156

466 874 513 946 de
542 873 684 970 Orphei
713 883 831 949 morte
854 876 902 949 ab
927 876 1009 949 Ena
1032 891 1267 974 exponuntur
1282 918 1333 928 -
1349 898 1372 946 a
1386 872 1596 947 mulieribus

466 1021 550 1068 curn
575 1021 658 1069 esse
681 997 912 1071 interfectum
933 1043 984 1053 -
1000 999 1089 1073 satis
1104 997 1330 1072 conveniunt
1345 1022 1428 1069 curn
1443 996 1484 1069 iis
1499 1020 1595 1094 quae

465 1117 513 1190 de
536 1119 607 1193 hac
625 1144 664 1193 re
680 1119 903 1217 Symposion
920 1122 1095 1196 exhibere
1109 1121 1285 1195 vidimus:
1301 1123 1452 1209 ἐποίησαν
1470 1117 1510 1221 [oi
1524 1115 1595 1219 θεοί]

464 1241 518 1317 τὸν
546 1239 685 1319 θάνατον
714 1240 813 1320 oricoli
840 1246 899 1321 lut
927 1261 1091 1348 γυναικών
1121 1245 1280 1348 γενέσθαι,
1309 1268 1378 1315 nec
1407 1239 1596 1339 avulgari

464 1362 675 1461 discrepant
697 1363 869 1462 fabula¹);
895 1393 993 1464 quae
1016 1393 1107 1440 vero
1126 1367 1174 1440 de
1191 1366 1332 1462 Orphei
1343 1374 1429 1461 post
1440 1372 1595 1439 mortem

465 1487 542 1558 vita
580 1488 787 1562 narravisse
825 1489 954 1563 dicitur
991 1489 1050 1561 Ea
1080 1488 1285 1561 Arrianus
1313 1531 1365 1542 —
1393 1512 1433 1561 se
1460 1487 1595 1560 vidisse

465 1608 630 1681 animum
669 1611 731 1707 qui
768 1612 960 1708 quondam
998 1612 1140 1708 Orphei
1179 1611 1307 1683 fuisset
1343 1609 1445 1708 cycni
1483 1609 1597 1682 vitam

465 1728 667 1829 eligentem
688 1777 752 1824 —,
775 1733 869 1807 haec
891 1735 941 1807 ad
964 1734 1077 1831 ipsius
1102 1734 1292 1806 Psaronrs
1316 1733 1403 1805 mihi
1427 1731 1598 1804 videntur

467 1853 672 1928 doctrinam
683 1853 710 1953 ²)
734 1852 966 1953 reserenda³)
990 1871 1134 1929 etcum
1158 1856 1200 1928 iis
1223 1880 1321 1952 quae
1345 1855 1380 1929 in
1398 1854 1598 1928 Phaedone

462 2072 655 2081 -.-—.—-...-

465 2223 574 2273 alicuius
593 2224 741 2289 animantis,
758 2224 844 2274 verbis
861 2221 930 2281 μίσει
948 2225 995 2270 τοῦ
1011 2221 1153 2284 γυναικείου
1170 2218 1267 2289 γένους,
1284 2239 1330 2273 cur
1346 2239 1400 2273 nou
1415 2223 1539 2289 hominis,
1553 2224 1599 2274 sed

466 2311 590 2360 animulis
608 2311 696 2360 canori
715 2311 823 2361 formam
842 2312 951 2377 elegerit
970 2311 1071 2377 Orphei
1089 2311 1199 2376 animus,
1218 2311 1370 2376 explicetur.
1389 2310 1444 2360 Nee
1461 2311 1600 2360 tamenim

466 2399 554 2447 omnia
579 2405 638 2447 sunt
658 2398 808 2463 perspicua:
828 2415 888 2449 nam
906 2399 1057 2464 Thamssas,
1076 2414 1154 2463 quem
1173 2397 1294 2447 mulieres
1313 2397 1399 2448 odisse
1418 2414 1470 2448 non
1488 2412 1598 2446 comme·

465 2493 587 2550 moratur,
604 2484 647 2534 hic
667 2499 773 2550 quoque
793 2501 847 2535 nou
865 2486 989 2552 hominis,
1007 2484 1054 2535 sed
1071 2483 1191 2534 animalis
1209 2484 1289 2534 vitam
1308 2485 1393 2534 sumit.
1410 2484 1451 2534 cf.
1468 2500 1526 2549 pag.
1541 2482 1598 2550 158,

467 2572 527 2621 adn.
550 2583 572 2620 t.

513 2657 539 2724 1)
558 2658 598 2707 De
617 2659 671 2706 sola
690 2666 773 2707 morte
790 2658 855 2707 haec
874 2657 948 2707 dico:
968 2673 1034 2723 quae
1053 2657 1086 2707 de
1105 2657 1181 2707 huius
1200 2658 1290 2707 mortis
1308 2674 1386 2707 causa
1401 2657 1474 2708 addit
1490 2656 1599 2722 inSym·

466 2744 541 2810 posio
560 2745 710 2795 Pitsnntttts
727 2772 763 2782 -
780 2753 888 2796 mortem
907 2745 975 2795 hanc
994 2744 1131 2796 mulierum
1150 2745 1270 2796 manibus
1288 2745 1388 2796 illatam
1406 2761 1519 2811 poenam
1534 2760 1599 2811 esse,

466 2848 481 2881 a
499 2831 550 2881 diis
570 2841 677 2898 propter
694 2832 825 2898 ignaviam
844 2833 952 2898 Orpheo
968 2833 1117 2897 impositam
1132 2861 1176 2898 -,
1189 2832 1387 2899 haecavulgari
1397 2833 1486 2882 fabula
1496 2848 1600 2898 prorsus

465 2920 614 2970 abhorrent.
635 2920 675 2970 Cf.
695 2921 760 2969 Huo
779 2920 829 2970 al.
849 2919 916 2969 Vide
935 2935 1013 2984 supra
1033 2936 1093 2985 pag.
1115 2932 1174 2986 137,
1192 2920 1252 2970 adn.
1275 2933 1297 2969 1.

512 3007 540 3074 2)
559 3009 695 3057 Watcttatt
714 3023 739 3057 o.
749 3007 767 3057 l.
786 3024 846 3073 pag.
866 3005 898 3056 28
917 3007 951 3056 ad
967 3007 1038 3071 vulgi
1054 3008 1207 3072 opinionem
1222 3008 1287 3057 haec
1302 3006 1436 3057 referenda
1445 3021 1501 3056 esse
1511 3014 1600 3056 censet

467 3095 611 3160 antiquitus
635 3102 778 3161 acceptam,
802 3095 938 3144 hominum
961 3095 1060 3143 animas
1079 3095 1193 3159 speciem
1212 3095 1308 3144 habere
1327 3095 1423 3160 avium,
1442 3110 1599 3160 quamquam

466 3183 499 3232 de
523 3181 742 3246 Pythagoreorum
761 3181 886 3231 doctrinis
905 3180 947 3229 his
967 3196 1072 3246 quoque
1091 3181 1260 3244 cogitandum
1278 3196 1335 3231 esse
1354 3181 1489 3231 concedit:
1511 3181 1599 3244 „Dazu

465 3269 588 3318 kommen
616 3276 756 3318 verstrcute
784 3267 992 3333 Bemerkungen,
1021 3269 1069 3316 wie
1098 3269 1299 3333 Aristophanes,
1327 3269 1398 3318 Aves
1425 3267 1501 3334 1564,
1526 3267 1599 3317 Plato

467 3357 582 3421 Republ.
607 3356 659 3405 620
670 3357 703 3421 A,
727 3372 768 3404 wo
792 3355 848 3404 sich
872 3355 915 3404 die
941 3354 1014 3404 Seele
1040 3355 1086 3404 des
1111 3353 1233 3420 Orpheus
1258 3355 1335 3404 einen
1354 3355 1474 3420 Schwan,
1491 3354 1534 3404 die
1552 3354 1599 3404 des

466 3442 602 3507 Thamyris
621 3443 680 3492 eine
698 3440 847 3506 Nachtigall
866 3457 909 3490 zur
927 3440 1046 3490 serueren
1065 3441 1221 3506 Behausnng
1239 3441 1318 3490 wahlt
1334 3469 1369 3479 -
1384 3441 1598 3506 freilichspielen

466 3529 523 3580 hier
546 3529 762 3594 pythagoreische
786 3527 1173 3593 Seeleuwanrlerungstheorien
1197 3529 1245 3577 mit
1263 3528 1363 3594 hereiu,
1381 3528 1424 3577 die
1442 3529 1505 3578 aber
1523 3528 1601 3577 ihrer·

466 3616 528 3665 seits
547 3615 643 3664 wieder
661 3615 852 3680 theriomorphe
872 3613 1162 3678 Seelenvorstelluugeu
1182 3630 1226 3663 zur
1242 3615 1452 3679 Voraussetzuug
1468 3614 1599 3663 haben—

466 3703 529 3752 oder
547 3700 656 3752 Anthol.
676 3701 756 3751 Palat.
776 3702 837 3767 vll,
855 3701 899 3767 62,
917 3717 958 3750 wo
978 3701 1023 3750 der
1043 3700 1125 3749 Adler
1142 3701 1189 3750 aui
1204 3701 1264 3750 dem
1283 3702 1369 3751 Grsbe
1388 3701 1476 3751 Platos
1495 3701 1598 3751 erklart:

464 3787 559 3849 Ψυχῆς
590 3783 641 3845 εἰμι
676 3784 810 3844 Πλάτωνος
840 3784 1021 3845 ἀποπταμένης
1050 3781 1076 3842 ic
1101 3784 1236 3846 Ὄλυμπον
1258 3783 1393 3836 (lanu...
1416 3788 1459 3838 die
1477 3787 1528 3838 alle
1547 3787 1598 3837 deu

467 3876 588 3926 Glauben
612 3892 646 3925 an
665 3875 708 3925 die
726 3875 906 3941 Vogelgestalt
924 3875 971 3924 der
989 3875 1203 3925 Menschenseele
1222 3875 1340 3925 deutlich
1358 3890 1445 3941 genug
1464 3875 1598 3925 erkenneu

465 3961 578 4012 lasseu.‘’

511 4050 590 4099 Haud
614 4050 668 4099 scio
694 4057 789 4115 tamen,
812 4065 846 4099 an
871 4048 988 4114 sagacius
1007 4064 1085 4113 quam
1104 4049 1190 4098 verius
1208 4048 1272 4098 haec
1290 4049 1343 4098 sint
1362 4048 1448 4099 dicta:
1467 4065 1526 4099 uam
1545 4064 1599 4098 uon

468 4135 552 4185 solum
570 4136 636 4201 ipsis
654 4137 706 4186 loci
724 4136 809 4185 verbis
825 4136 862 4185 sie
878 4136 940 4185 satis
957 4135 1120 4200 explicantur
1136 4135 1237 4201 Orphei
1253 4142 1279 4185 et
1290 4136 1434 4201 Thamyrae
1445 4136 1600 4202 electiones3

468 4222 514 4270 sed
533 4223 611 4272 etiam
628 4224 731 4272 obstare
749 4222 813 4272 mihi
830 4222 931 4271 videtur
946 4222 1093 4271 Wstcxttut
1103 4222 1281 4287 explicationi,
1292 4223 1364 4287 quod
1372 4224 1486 4271 aliorum
1496 4237 1602 4288 quoque

465 4308 616 4358 animalium
640 4308 733 4374 figuras
752 4308 859 4358 induere
879 4308 1000 4357 dicuntur
1017 4308 1133 4357 animae:
1153 4309 1221 4356 Aiax
1241 4307 1335 4373 leonis,
1354 4309 1489 4358 Thersites
1504 4310 1602 4358 simiae.

466 4395 494 4445 Si
518 4410 580 4444 vero
604 4395 763 4461 respondeat
787 4396 934 4460 Waroxsu,
958 4409 1012 4444 non
1037 4394 1069 4442 de
1087 4395 1180 4444 avibus
1200 4394 1271 4459 solis,
1290 4395 1337 4444 sed
1354 4395 1386 4444 de
1404 4396 1561 4445 animalibus
1576 4396 1604 4444 in

466 4482 615 4531 universum
639 4482 809 4548 cogitandum
831 4497 887 4532 esse
915 4480 1138 4547 [,‚theriomorphe
1164 4480 1494 4548 Seelenvorstellungen”],
1518 4483 1605 4532 obicio

468 4583 517 4618 nec
536 4569 568 4618 de
588 4569 746 4618 animalibus
762 4570 825 4618 solis
840 4569 896 4633 agi:
913 4568 1050 4619 Atalantes
1067 4569 1168 4618 suimus
1184 4569 1211 4617 in
1222 4568 1336 4618 athletae
1347 4570 1394 4618 viri
1405 4570 1469 4619 abiit
1480 4578 1606 4634 naturam,

465 4654 492 4703 lu
511 4655 666 4706 artificiosae
686 4656 804 4705 mulieris
823 4655 891 4720 Epei
910 4656 1035 4720 Panopei.

510 4740 538 4807 3)
556 4743 652 4806 Utique
672 4742 737 4807 quid
755 4743 782 4791 iu
803 4743 843 4791 his
865 4742 899 4792 sit
919 4750 1096 4806 quantumque
1112 4740 1184 4805 quod
1201 4757 1248 4805 pro
1263 4758 1325 4791 vero
1340 4743 1489 4808 probaverit
1499 4744 1601 4807 PLATO,
