3717 5575
956 707 1004 796 76

467 899 562 974 Item
591 901 626 973 in
655 902 820 999 ipsorum
848 901 896 975 de
921 897 1127 998 Republica
1150 896 1327 972 librorum
1350 896 1425 972 fine
1448 922 1547 995 quae

412 1021 462 1094 ibi
499 1023 670 1120 exposita
706 1039 803 1115 sunt,
831 1029 933 1127 μῦθος
961 1019 1208 1120 appellantur,
1238 1035 1277 1094 et
1305 1021 1433 1118 mytho
1462 1020 1546 1094 huic

411 1144 580 1219 tribuitur
615 1146 684 1239 vis,
723 1171 821 1243 quae
859 1144 944 1219 alibi
982 1152 1149 1249 φιλοσοφίᾳ
1187 1144 1412 1241 impertitur:
1448 1143 1543 1241 Rep.

414 1268 535 1340 621ss
563 1293 667 1364 sqq.:
698 1276 761 1346 Καὶ
790 1265 903 1370 οὕτως,
931 1259 956 1344 ἶ)
984 1263 1160 1369 Γλαύκων,
1188 1274 1207 1344 ὁ
1233 1270 1336 1370 μῦθος
1359 1264 1460 1355 ἐσῶθη
1487 1269 1544 1344 καὶ

411 1383 470 1465 οὐκ
499 1387 642 1468 οἷπθλετο
652 1387 692 1488 ¹),
721 1398 777 1470 καὶ
805 1395 897 1494 ἡμᾶς
924 1388 966 1467 ἂν
994 1388 1134 1490 σῶσειεν,
1163 1386 1204 1468 ἂν
1231 1387 1412 1492 πειθώμεθα
1441 1385 1543 1495 αὐτῷ,

411 1518 469 1589 καὶ
496 1512 551 1589 τὸν
578 1525 637 1605 τῆς
663 1516 779 1606 Λήθης
801 1512 947 1616 πθταμον
972 1497 1004 1589 eir
1032 1511 1260 1616 διαβησόμεθα
1281 1517 1338 1588 καὶ
1358 1508 1417 1596 τὴν
1432 1510 1543 1614 ψυχὴν

410 1629 447 1710 οὐ
481 1635 747 1738 μιανθησόμεθα·
786 1635 920 1733 quibus
956 1634 1081 1708 verbis
1108 1648 1265 1707 annotat
1292 1632 1542 1707 Summum:

415 1754 642 1854 „Eleganter
666 1757 837 1830 nimirum
859 1757 917 1830 his
939 1757 1063 1831 verbis
1086 1755 1271 1854 significat
1286 1753 1542 1853 philosophus,

410 1903 508 1975 quae
536 1878 717 1953 hactenus
739 1877 909 1954 sabulose
934 1880 1103 1975 exposita
1117 1878 1201 1970 sint,
1217 1903 1263 1952 ea
1278 1878 1405 1974 utique
1418 1875 1543 1951 valere

410 2026 523 2099 quum
552 2001 601 2074 ad
628 2001 791 2076 studium
819 2001 964 2075 virtutis
987 2026 1032 2075 ac
1054 2000 1260 2097 sapientiae
1285 2017 1363 2074 tum
1379 2000 1428 2073 ad
1441 2000 1543 2073 vitae

409 2123 554 2197 suturae
590 2124 849 2199 beatitatem.’‘
890 2124 998 2198 Haec
1034 2124 1063 2197 si
1101 2124 1339 2197 conferuntur
1375 2148 1459 2196 cum
1487 2122 1540 2213 iis,

409 2270 508 2343 quae
554 2247 590 2320 in
639 2248 843 2321 Phaedone
889 2273 974 2321 vere
1004 2246 1244 2343 philosophi}
1284 2262 1542 2343 proponuntur

408 2370 586 2466 praemia,
624 2369 731 2444 sacile
767 2371 976 2468 apparebit,
1016 2386 1250 2468 quantopere
1286 2370 1381 2443 inter
1413 2394 1455 2443 se
1482 2394 1540 2442 co·

408 2491 588 2565 haereant
617 2492 765 2589 mythus
792 2509 831 2566 et
858 2491 1106 2589 philosophia.

462 2615 636 2711 Denique
665 2640 738 2688 non
767 2613 888 2688 solum
911 2639 1026 2687 voces
1047 2619 1149 2718 μῦθος
1173 2629 1212 2688 et
1233 2612 1329 2717 λθγος
1350 2613 1541 2711 coniungit

410 2734 577 2833 Ριλτοῖ)
588 2737 655 2812 sed
665 2737 777 2811 etiam
788 2737 934 2811 dubitat
944 2737 1141 2828 interdum,
1153 2752 1235 2811 utro
1246 2734 1431 2811 vocabulo
1442 2760 1540 2834 quae

408 2859 507 2933 dicat
530 2860 603 2933 sint
627 2861 874 2934 nominanda:
900 2861 1022 2959 Legg.
1050 2864 1122 2955 872
1141 2860 1199 2933 D:
1220 2856 1316 2963 ὁγὰρ
1329 2859 1372 2945 dl
1388 2860 1539 2963 μῦθος,ἢ

407 2979 503 3084 λόγος
541 2982 561 3064 ἢ
600 2982 646 3059 ἔτι
683 2982 748 3087 χρὴ
777 2978 1023 3087 προσαγορεύειν
1052 2980 1166 3086 αὐτόν,
1193 2986 1229 3060 ἐκ
1257 2988 1405 3060 παλαιῶν
1435 2984 1539 3086 ἱερέων

406 3111 526 3206 εἴρηται
563 3121 686 3207 σαφοις,
714 3110 757 3197 ὡς
787 3111 809 3190 ii
836 3122 899 3183 τών
927 3112 1092 3209 ξυγγενῶν
1119 3102 1269 3209 αίμοίτων
1295 3104 1433 3207 τιμωρὸς
1460 3107 1536 3193 δίκη

406 3227 572 3319 ἐπίσκοπος
600 3227 689 3331 νέμιρ
717 3241 838 3332 χρῆται
865 3217 908 3332 rr}
937 3237 994 3305 νῦν
1018 3228 1061 3313 dl
1087 3227 1228 3331 λεχθέντι
1253 3232 1309 3303 καὶ
1333 3223 1444 3319 ἔταξεν
1469 3222 1537 3329 ἄρα

404 3345 565 3451 δράσαντί
588 3381 617 3426 τι
639 3358 779 3428 τοιοῦτον
803 3356 914 3428 παθεῖν
937 3345 1041 3427 ταύτὰ
1065 3349 1256 3453 οἷναγκαίως
1280 3344 1358 3454 ἅπερ
1380 3345 1533 3452 ἔδρασεν·

402 3476 517 3561 κ.τ.λ.,
540 3471 590 3543 ad
614 3497 725 3569 quem
740 3470 864 3545 locum
878 3471 1105 3546 conferenda
1120 3486 1205 3545 sunt
1219 3496 1316 3568 quae
1331 3472 1378 3545 de
1392 3472 1536 3545 ratione

406 3614 504 3687 quae
526 3591 621 3665 inter
643 3600 745 3697 μῦθον
769 3609 808 3667 et
832 3594 928 3699 λόγον
943 3594 980 3667 in
995 3594 1291 3691 prae-Socratica
1306 3592 1536 3668 Graecorum

404 3711 641 3811 philosophia
668 3714 872 3807 intercedit,
903 3715 1094 3790 attulimus
1117 3743 1164 3791 ex
1187 3716 1346 3792 Gutum
1368 3712 1534 3816 opere.³)

456 3972 628 4048 Eandem
666 4001 757 4050 vero
795 3977 911 4074 mythi
951 3992 1123 4052 naturam
1150 4021 1202 4032 -
1229 3976 1366 4051 scilicet
1393 3994 1434 4053 ut
1462 4005 1535 4077 my·

403 4097 524 4171 thicae
562 4098 706 4173 formae
742 4099 909 4173 subiecta
945 4100 993 4175 sit
1030 4101 1186 4175 materia
1219 4126 1317 4197 quae
1344 4102 1394 4175 ad
1421 4100 1537 4200 philo·

402 4220 574 4317 sophiam
598 4222 774 4318 pertinet,
799 4224 1026 4298 —eandem
1042 4223 1158 4323 mythi
1173 4238 1357 4316 naturam,
1373 4224 1537 4322 inquam,

448 4494 475 4560 r)
493 4495 534 4545 De
552 4495 601 4545 hae
620 4494 732 4546 formula
749 4496 783 4546 cf.
803 4496 916 4546 smus.
935 4495 968 4545 ad
986 4495 1006 4546 1.
1023 4495 1096 4563 (pag.
1111 4495 1185 4564 454).

446 4580 475 4648 2)
494 4582 535 4633 Cf.
554 4584 636 4648 Legg.
656 4581 709 4645 664
719 4583 752 4633 Α.

446 4668 474 4736 3)
492 4669 554 4734 Peg.
579 4668 624 4735 69,
647 4669 708 4719 adn.
731 4683 758 4732 4.
782 4696 818 4705 -
843 4669 965 4720 Ceterum
989 4669 1081 4720 eodem
1105 4671 1184 4721 modo
1202 4687 1256 4737 quo
1274 4673 1367 4723 Puro
1384 4674 1417 4725 de
1436 4674 1532 4740 mythis

401 4754 500 4805 iudicat
518 4755 715 4823 Amswrnuus,
732 4754 765 4805 cf.
783 4756 894 4806 Wmtr.
912 4755 965 4808 ol.
984 4772 1044 4824 pag.
1063 4756 1124 4823 456.
