3717 5575
795 709 860 776 ¹4¹

251 880 353 980 logia
376 906 467 955 vero
479 882 586 974 idem
610 879 669 954 ille
693 878 886 952 Socnnrrs
906 880 942 952 in
961 904 1090 952 eorum
1107 904 1261 952 numero
1277 879 1388 954 refert

255 1003 461 1101 Orpheum,
491 1004 709 1101 quibuscum
738 1002 878 1075 versari
906 1026 1090 1074 summam
1115 1002 1247 1076 afferat
1270 1001 1388 1075 delec-

255 1127 447 1216 tationem,
472 1125 556 1199 licet
580 1125 664 1198 huic
687 1124 770 1198 loco
793 1149 867 1197 non
885 1124 992 1197 nimis
1006 1123 1241 1197 tribuendum
1255 1123 1388 1222 aliquis

255 1264 372 1346 putet,
401 1273 486 1321 cum
509 1248 545 1320 in
574 1246 768 1345 Apologia
795 1246 1015 1320 inveniatur.

311 1460 560 1535 Nihilominus
601 1459 791 1551 nonnulla,
830 1484 929 1557 quae
966 1459 1152 1556 Symposii
1188 1458 1291 1533 locus
1329 1458 1389 1534 ille

257 1584 419 1675 exhibet,
456 1584 490 1657 in
528 1583 607 1657 aliis
643 1608 795 1680 quoque
823 1581 1058 1654 inveniuntur
1086 1580 1257 1679 dialogis,
1286 1599 1324 1656 et
1352 1581 1389 1655 id

256 1707 406 1804 quidem
444 1706 593 1803 saepius
631 1706 693 1796 ita,
731 1721 772 1778 ut
808 1704 868 1777 vix
907 1704 1020 1800 ipsius
1049 1703 1237 1777 anrours
1265 1721 1390 1803 partes

256 1854 371 1927 agere
403 1853 489 1902 eum
518 1828 580 1925 qui
609 1828 707 1901 dicat
735 1827 864 1924 negari
892 1827 1020 1924 possit,
1050 1850 1281 1922 quamquam
1310 1853 1391 1901 nus-

257 1975 370 2048 quam
398 1949 485 2023 ahbi
513 1950 697 2022 invenitur
725 1949 897 2021 ansnxl
925 1947 1183 2044 despicientia:
1213 1949 1315 2021 cuius
1339 1950 1392 2022 rei
1421 1980 1424 1986 ·

257 2098 370 2146 causa
401 2073 495 2145 haec
522 2072 610 2145 mihi
639 2072 796 2162 videtur,
826 2069 929 2168 quod
957 2072 993 2143 in
1022 2071 1195 2143 anenru
1223 2072 1392 2145 oratione

258 2194 339 2292 ipsa
364 2192 530 2291 vulgaris
558 2192 709 2267 fabulae
737 2193 793 2265 vis
817 2207 981 2265 mutatur
1004 2192 1066 2266 illa
1087 2193 1249 2290 quidem,
1276 2192 1391 2267 multa

257 2333 383 2391 tamen
404 2317 526 2390 insunt
544 2341 642 2413 quae
660 2316 710 2388 ad
729 2315 825 2387 hanc
840 2313 1005 2388 fabulam
1020 2315 1248 2411 pertineant3
1265 2315 1392 2388 Pnnro

259 2455 399 2530 autem,
428 2437 476 2512 de
505 2438 662 2535 Orpheo
690 2437 828 2526 dicens,
857 2437 907 2510 ab
930 2436 1002 2509 hac
1025 2435 1150 2510 sabula
1174 2482 1225 2491 -
1250 2435 1335 2511 licet
1358 2439 1392 2511 ei

260 2561 459 2634 credidisse
483 2585 568 2633 eum
594 2560 746 2633 omnino
770 2584 846 2632 non
870 2575 1126 2656 appareat-
1150 2560 1213 2632 vix
1233 2584 1392 2655 usquam

259 2682 410 2774 recedit,
426 2682 463 2755 id
477 2681 580 2780 quod
594 2681 771 2779 proximis
786 2681 931 2779 paginis
947 2681 1152 2754 accuratius
1162 2681 1390 2755 ostendetur.

315 2807 375 2879 De
390 2805 602 2878 Phaedonis
615 2802 699 2877 loco
713 2803 786 2876 iam
802 2803 969 2877 diximus.
987 2803 1103 2898 Quod
1116 2802 1244 2901 Symp.
1268 2825 1339 2897 179
1354 2804 1391 2877 D

262 2928 442 3030 xrdeppddg
461 2941 618 3000 vocatur
632 2925 820 3024 Orpheus,
837 2950 912 2999 non
926 2951 1097 3024 pugnare
1111 2924 1282 2999 videntur
1296 2950 1395 3023 quae

260 3048 433 3147 leguntur
459 3049 536 3122 Ion.
563 3074 600 3146 p.
619 3070 639 3142 5
646 3073 666 3142 3
673 3073 693 3142 3
711 3048 754 3121 C.
768 3045 794 3144 1)
820 3048 1003 3121 Attamen
1019 3073 1142 3145 neque
1156 3047 1214 3120 hic
1228 3046 1332 3120 locus
1348 3046 1397 3119 ad

261 3346 368 3396 Phidon
391 3344 464 3412 (682)
488 3346 604 3397 erwdhnt
629 3345 704 3410 wird,
728 3360 760 3394 zu
786 3345 890 3395 sterben
915 3360 958 3394 um
984 3343 1096 3409 geliebte
1122 3343 1276 3409 Menschen,
1298 3343 1341 3393 die
1359 3342 1397 3394 sie

260 3432 341 3482 durch
357 3433 408 3482 den
425 3433 484 3483 Tod
499 3433 618 3483 verloren
635 3432 736 3497 hatten,
753 3432 789 3480 im
805 3432 895 3482 Hudes
910 3431 1151 3497 wiederzusehen;”
1167 3431 1237 3481 haud
1247 3431 1301 3481 scio
1312 3439 1398 3481 tumen

261 3534 349 3568 annon
376 3520 431 3570 iure
459 3520 586 3569 Seruum·
613 3520 663 3569 hoc
690 3528 803 3568 censeat.
830 3518 951 3568 Ceterum
976 3518 1061 3568 simile
1085 3518 1151 3583 quid
1176 3525 1267 3583 putare
1293 3517 1396 3567 videtur

262 3605 427 3671 Drnreurcrt,
446 3604 556 3671 Nekyia,
575 3621 634 3671 pag.
656 3604 715 3670 136,
733 3614 759 3654 et
777 3604 838 3654 adn.
858 3616 883 3668 3.

311 3692 338 3758 1)
356 3693 397 3743 Cf.
416 3694 520 3742 Wnnnn
538 3694 591 3743 o.l.
611 3708 671 3758 pag.
690 3703 733 3755 33.
752 3692 868 3740 Nimium
886 3699 972 3741 temen
991 3691 1014 3740 is
1033 3690 1190 3740 contendere
1209 3690 1320 3755 videtur,
1338 3705 1396 3739 cum

265 3778 399 3845 Orpheum
424 3779 473 3829 hoc
496 3780 555 3830 loco
574 3779 639 3844 ipsis
658 3778 744 3828 verbis
762 3772 891 3836 κιθαρῳδόν
909 3777 1039 3844 appellari
1056 3778 1120 3827 dicit
1139 3776 1217 3844 [,‚Jon
1236 3793 1263 3843 p.
1283 3786 1332 3842 533
1345 3777 1397 3826 BC.

263 3881 347 3930 symp.
369 3877 417 3929 179
427 3867 452 3916 D
472 3865 537 3915 wird
555 3881 582 3915 er
600 3865 638 3915 als
657 3858 786 3923 κιθαρῳδός
803 3863 964 3930 genennt'’]:
980 3864 1079 3913 scilicet
1094 3879 1178 3914 sermo
1194 3871 1233 3913 est
1243 3865 1276 3914 de
1285 3858 1400 3917 einim.

263 3952 296 4002 de
320 3948 446 4011 adaptare,
468 3952 502 4002 de
520 3947 660 4015 κιθαρῳδίᾳ,
677 3953 711 4002 de
731 3946 858 4013 ῥαψῳδίᾳς
877 3951 911 4000 nd
928 3966 1007 4016 quem
1025 3950 1115 4000 harum
1133 3951 1226 4001 artium
1242 3950 1344 4017 Orphei
1359 3967 1400 4002 ers

264 4039 297 4088 sit
315 4038 458 4105 reserenda,
477 4040 573 4090 diserte
592 4040 698 4104 quidem
717 4056 771 4090 non
790 4039 893 4089 dicitur.

308 4125 429 4175 Ceterum
451 4126 560 4175 ZsLLne
578 4142 603 4175 o.
614 4127 632 4176 l.
651 4126 677 4175 11
700 4130 726 4175 ι*
742 4142 820 4192 pagg.
835 4122 889 4187 480
898 4139 959 4188 sqq.
975 4123 1190 4173 verisimillimum
1199 4132 1298 4190 censet,
1308 4125 1399 4174 lonem

262 4210 394 4276 dialogum
419 4227 472 4261 non
493 4213 628 4277 scripsisse
647 4213 808 4262 chrourx.
827 4211 902 4261 Hu1r
920 4210 1010 4260 0.l.ll
1030 4226 1108 4276 pagg.
1128 4221 1267 4276 223-225
1288 4211 1398 4261 dubitat.

263 4298 360 4347 Contra
378 4300 529 4348 Gonnum
549 4300 575 4348 11
594 4315 655 4364 pag.
675 4298 725 4363 564
746 4298 819 4365 (adn.
838 4298 871 4347 ad
891 4313 951 4362 pag.
971 4309 1023 4360 230
1043 4313 1081 4347 vs.
1103 4296 1154 4363 10):
1184 4299 1252 4361 „Am
1269 4296 1399 4346 schweich·

263 4393 321 4435 sten
336 4386 482 4451 begrtlndet
498 4387 600 4436 scheint
616 4387 659 4436 die
676 4387 801 4436 Athetese
818 4387 864 4436 des
880 4386 939 4450 lon,
955 4385 998 4433 ein
1015 4384 1188 4450 Schriitchen,
1203 4384 1249 4434 das
1262 4384 1344 4434 sebon
1353 4384 1400 4434 des

262 4472 365 4536 geniale
384 4473 519 4524 Gleichnis
538 4490 589 4525 von
608 4474 660 4523 den
677 4474 874 4539 magnetischen
894 4472 1001 4536 Ringen
1019 4468 1112 4537 (533d)
1130 4486 1178 4520 vor
1196 4470 1400 4536 Anfechtungen

263 4560 385 4609 schtttzen
409 4561 509 4611 kdnnte
521 4598 527 4610 .
538 4598 563 4612 ..
587 4563 654 4611 Dem
680 4561 793 4611 vielfech
811 4558 1021 4625 angefochtenen
1039 4558 1136 4624 Dialog
1154 4558 1187 4607 ist
1206 4558 1339 4608 neuerlich
1357 4559 1401 4608 ein

264 4645 388 4711 kreftiger
413 4647 575 4713 Verteidiger
600 4648 739 4698 erstanden
762 4648 790 4697 in
810 4647 929 4696 Walther
945 4645 1040 4711 Junell‚
1058 4645 1231 4707 Quaestiones
1250 4646 1399 4695 Platonicae

266 4741 317 4796 325
327 4730 371 4781 ἥθ’
390 4733 457 4783 Vide
476 4744 609 4799 praeterea
627 4735 768 4784 Srnnrrnrn
786 4734 840 4784 o.l.
861 4749 938 4798 pagg.
956 4745 990 4795 29
1005 4747 1065 4797 sqq.
1080 4731 1133 4797 (Cf.
1144 4748 1204 4797 pag.
1215 4745 1261 4795 29:
1275 4732 1399 4797 ,Eigent
