<?xml version="1.0" encoding="UTF-8"?>
<!DOCTYPE html PUBLIC "-//W3C//DTD XHTML 1.0 Transitional//EN"
    "http://www.w3.org/TR/xhtml1/DTD/xhtml1-transitional.dtd">
<html xmlns="http://www.w3.org/1999/xhtml" xml:lang="en" lang="en">
 <head>
  <title>
</title>
<meta http-equiv="Content-Type" content="text/html;charset=utf-8" />
  <meta name='ocr-system' content='tesseract 3.04.00' />
  <meta name='ocr-capabilities' content='ocr_page ocr_carea ocr_par ocr_line ocrx_word'/>
</head>
<body>
  <div class='ocr_page' id='page_1' title='image "./deplatonepraeso02woltgoog_0102.png"; bbox 0 0 3717 5575; ppageno 0'>
   <div class='ocr_carea' id='block_1_1' title="bbox 985 592 1035 662">
    <p class='ocr_par' dir='ltr' id='par_1_1' title="bbox 985 592 1035 662">
     <span class='ocr_line' id='line_1_1' title="bbox 985 592 1035 662; baseline 0 0"><span class='ocrx_word' id='word_1_1' title='bbox 985 592 1035 662; x_wconf 88' lang='lat'><strong>86</strong></span> 
     </span>
    </p>
   </div>
   <div class='ocr_carea' id='block_1_2' title="bbox 447 785 1576 1742">
    <p class='ocr_par' dir='ltr' id='par_1_2' title="bbox 447 785 1576 1742">
     <span class='ocr_line' id='line_1_2' title="bbox 447 785 1574 886; baseline 0.004 -25"><span class='ocrx_word' id='word_1_2' title='bbox 447 787 673 885; x_wconf 85' lang='lat' dir='ltr'><strong>opinionem,</strong></span> <span class='ocrx_word' id='word_1_3' title='bbox 702 787 764 884; x_wconf 93' lang='lat' dir='ltr'><strong>qui</strong></span> <span class='ocrx_word' id='word_1_4' title='bbox 791 787 941 884; x_wconf 90' lang='lat' dir='ltr'><strong>saepius</strong></span> <span class='ocrx_word' id='word_1_5' title='bbox 963 788 1010 862; x_wconf 91' lang='lat' dir='ltr'><strong>de</strong></span> <span class='ocrx_word' id='word_1_6' title='bbox 1034 786 1190 886; x_wconf 92' lang='lat' dir='ltr'><strong>Orpheo</strong></span> <span class='ocrx_word' id='word_1_7' title='bbox 1214 800 1252 861; x_wconf 91' lang='lat' dir='ltr'><strong>et</strong></span> <span class='ocrx_word' id='word_1_8' title='bbox 1266 785 1437 885; x_wconf 88' lang='lat' dir='ltr'><strong>Orphicis</strong></span> <span class='ocrx_word' id='word_1_9' title='bbox 1451 790 1574 865; x_wconf 87' lang='lat' dir='ltr'>dicere</span> 
     </span>
     <span class='ocr_line' id='line_1_3' title="bbox 448 908 1575 1011; baseline 0.004 -29"><span class='ocrx_word' id='word_1_10' title='bbox 448 925 580 1008; x_wconf 89' lang='lat' dir='ltr'><strong>putant</strong></span> <span class='ocrx_word' id='word_1_11' title='bbox 608 908 828 1002; x_wconf 75' lang='lat' dir='ltr'><strong>Punrouurr,</strong></span> <span class='ocrx_word' id='word_1_12' title='bbox 853 908 992 984; x_wconf 89' lang='lat' dir='ltr'><strong>nullam</strong></span> <span class='ocrx_word' id='word_1_13' title='bbox 1016 908 1128 985; x_wconf 89' lang='lat' dir='ltr'><strong>aliam</strong></span> <span class='ocrx_word' id='word_1_14' title='bbox 1151 909 1201 984; x_wconf 92' lang='lat' dir='ltr'><strong>ob</strong></span> <span class='ocrx_word' id='word_1_15' title='bbox 1225 934 1376 985; x_wconf 91' lang='lat' dir='ltr'><strong>causam</strong></span> <span class='ocrx_word' id='word_1_16' title='bbox 1391 911 1458 984; x_wconf 90' lang='lat' dir='ltr'><strong>nisi</strong></span> <span class='ocrx_word' id='word_1_17' title='bbox 1473 911 1575 1011; x_wconf 90' lang='lat' dir='ltr'><strong>quod</strong></span> 
     </span>
     <span class='ocr_line' id='line_1_4' title="bbox 447 1032 1576 1131; baseline 0.003 -25"><span class='ocrx_word' id='word_1_18' title='bbox 447 1033 519 1106; x_wconf 92' lang='lat' dir='ltr'><strong>hoc</strong></span> <span class='ocrx_word' id='word_1_19' title='bbox 540 1032 675 1106; x_wconf 89' lang='lat' dir='ltr'><strong>aetatis</strong></span> <span class='ocrx_word' id='word_1_20' title='bbox 698 1033 929 1106; x_wconf 91' lang='lat' dir='ltr'><strong>consuetudo</strong></span> <span class='ocrx_word' id='word_1_21' title='bbox 952 1032 1063 1107; x_wconf 78' lang='lat' dir='ltr'><strong>ferret</strong></span> <span class='ocrx_word' id='word_1_22' title='bbox 1081 1048 1120 1107; x_wconf 91' lang='lat' dir='ltr'><strong>et</strong></span> <span class='ocrx_word' id='word_1_23' title='bbox 1133 1048 1221 1106; x_wconf 91' lang='lat' dir='ltr'><strong>tunc</strong></span> <span class='ocrx_word' id='word_1_24' title='bbox 1234 1033 1413 1131; x_wconf 89' lang='lat' dir='ltr'><strong>temporis</strong></span> <span class='ocrx_word' id='word_1_25' title='bbox 1426 1049 1576 1131; x_wconf 86' lang='lat' dir='ltr'><strong>praeter</strong></span> 
     </span>
     <span class='ocr_line' id='line_1_5' title="bbox 448 1150 1575 1254; baseline 0.003 -27"><span class='ocrx_word' id='word_1_26' title='bbox 448 1152 541 1228; x_wconf 91' lang='lat' dir='ltr'><strong>alios</strong></span> <span class='ocrx_word' id='word_1_27' title='bbox 576 1154 722 1252; x_wconf 87' lang='lat' dir='ltr'><strong>vigeret</strong></span> <span class='ocrx_word' id='word_1_28' title='bbox 757 1150 978 1253; x_wconf 83' lang='lat' dir='ltr'><strong>Orpheus¹)‚</strong></span> <span class='ocrx_word' id='word_1_29' title='bbox 1016 1198 1067 1211; x_wconf 94' lang='lat'>—</span> <span class='ocrx_word' id='word_1_30' title='bbox 1094 1179 1185 1229; x_wconf 90' lang='lat' dir='ltr'><strong>vera</strong></span> <span class='ocrx_word' id='word_1_31' title='bbox 1213 1170 1339 1229; x_wconf 86' lang='lat' dir='ltr'><strong>autem</strong></span> <span class='ocrx_word' id='word_1_32' title='bbox 1367 1180 1450 1229; x_wconf 90' lang='lat' dir='ltr'><strong>esse</strong></span> <span class='ocrx_word' id='word_1_33' title='bbox 1477 1180 1575 1254; x_wconf 92' lang='lat' dir='ltr'><strong>quae</strong></span> 
     </span>
     <span class='ocr_line' id='line_1_6' title="bbox 447 1274 1576 1373; baseline 0.003 -25"><span class='ocrx_word' id='word_1_34' title='bbox 447 1277 490 1356; x_wconf 85' lang='lat' dir='ltr'><strong>in</strong></span> <span class='ocrx_word' id='word_1_35' title='bbox 521 1274 577 1349; x_wconf 90' lang='lat' dir='ltr'><strong>his</strong></span> <span class='ocrx_word' id='word_1_36' title='bbox 612 1276 699 1350; x_wconf 92' lang='lat' dir='ltr'><strong>dicit</strong></span> <span class='ocrx_word' id='word_1_37' title='bbox 735 1274 905 1352; x_wconf 75' lang='lat' dir='ltr'><strong>Gnurra:</strong></span> <span class='ocrx_word' id='word_1_38' title='bbox 948 1277 1043 1371; x_wconf 82' lang='lat' dir='ltr'><strong>„Die</strong></span> <span class='ocrx_word' id='word_1_39' title='bbox 1071 1275 1309 1373; x_wconf 90' lang='lat' dir='ltr'><strong>Philosophie</strong></span> <span class='ocrx_word' id='word_1_40' title='bbox 1336 1277 1403 1350; x_wconf 91' lang='lat' dir='ltr'><strong>hat</strong></span> <span class='ocrx_word' id='word_1_41' title='bbox 1429 1303 1470 1351; x_wconf 92' lang='lat' dir='ltr'><strong>es</strong></span> <span class='ocrx_word' id='word_1_42' title='bbox 1495 1303 1576 1351; x_wconf 92' lang='lat' dir='ltr'><strong>ver·</strong></span> 
     </span>
     <span class='ocr_line' id='line_1_7' title="bbox 447 1398 1576 1490; baseline 0.001 -18"><span class='ocrx_word' id='word_1_43' title='bbox 447 1399 619 1490; x_wconf 82' lang='lat' dir='ltr'><strong>standen,</strong></span> <span class='ocrx_word' id='word_1_44' title='bbox 656 1399 728 1473; x_wconf 93' lang='lat' dir='ltr'><strong>den</strong></span> <span class='ocrx_word' id='word_1_45' title='bbox 765 1399 930 1473; x_wconf 76' lang='lat' dir='ltr'><strong>sehonen</strong></span> <span class='ocrx_word' id='word_1_46' title='bbox 969 1400 1073 1473; x_wconf 89' lang='lat' dir='ltr'><strong>Kem</strong></span> <span class='ocrx_word' id='word_1_47' title='bbox 1103 1424 1171 1473; x_wconf 88' lang='lat' dir='ltr'><strong>aus</strong></span> <span class='ocrx_word' id='word_1_48' title='bbox 1198 1399 1264 1473; x_wconf 90' lang='lat' dir='ltr'><strong>der</strong></span> <span class='ocrx_word' id='word_1_49' title='bbox 1290 1399 1432 1473; x_wconf 91' lang='lat' dir='ltr'><strong>rauhen</strong></span> <span class='ocrx_word' id='word_1_50' title='bbox 1461 1398 1576 1474; x_wconf 83' lang='lat' dir='ltr'><strong>Hiille</strong></span> 
     </span>
     <span class='ocr_line' id='line_1_8' title="bbox 448 1517 1576 1619; baseline 0.003 -25"><span class='ocrx_word' id='word_1_51' title='bbox 448 1548 492 1594; x_wconf 86' lang='lat' dir='ltr'><strong>zu</strong></span> <span class='ocrx_word' id='word_1_52' title='bbox 514 1517 742 1618; x_wconf 77' lang='lat' dir='ltr'><strong>schalen.”¹)</strong></span> <span class='ocrx_word' id='word_1_53' title='bbox 771 1521 857 1595; x_wconf 89' lang='lat' dir='ltr'><strong>Hoc</strong></span> <span class='ocrx_word' id='word_1_54' title='bbox 881 1538 1008 1596; x_wconf 91' lang='lat' dir='ltr'><strong>autem</strong></span> <span class='ocrx_word' id='word_1_55' title='bbox 1032 1522 1209 1619; x_wconf 89' lang='lat' dir='ltr'><strong>imprimis</strong></span> <span class='ocrx_word' id='word_1_56' title='bbox 1224 1522 1432 1596; x_wconf 75' lang='lat' dir='ltr'><strong>Punrouau</strong></span> <span class='ocrx_word' id='word_1_57' title='bbox 1446 1521 1576 1598; x_wconf 86' lang='lat' dir='ltr'><strong>fecisse</strong></span> 
     </span>
     <span class='ocr_line' id='line_1_9' title="bbox 449 1644 1114 1742; baseline 0.003 -25"><span class='ocrx_word' id='word_1_58' title='bbox 449 1656 582 1741; x_wconf 90' lang='lat' dir='ltr'><strong>postea</strong></span> <span class='ocrx_word' id='word_1_59' title='bbox 609 1668 719 1741; x_wconf 90' lang='lat' dir='ltr'><strong>spero</strong></span> <span class='ocrx_word' id='word_1_60' title='bbox 747 1644 826 1718; x_wconf 88' lang='lat' dir='ltr'><strong>sore</strong></span> <span class='ocrx_word' id='word_1_61' title='bbox 853 1660 894 1719; x_wconf 94' lang='lat' dir='ltr'><strong>ut</strong></span> <span class='ocrx_word' id='word_1_62' title='bbox 921 1660 1114 1742; x_wconf 85' lang='lat' dir='ltr'><strong>appareat.</strong></span> 
     </span>
    </p>
   </div>
   <div class='ocr_carea' id='block_1_3' title="bbox 450 1902 1579 3105">
    <p class='ocr_par' dir='ltr' id='par_1_3' title="bbox 450 1902 1578 2737">
     <span class='ocr_line' id='line_1_10' title="bbox 506 1902 1577 2004; baseline 0.003 -28"><span class='ocrx_word' id='word_1_63' title='bbox 506 1925 540 1999; x_wconf 86' lang='lat'><strong>5.</strong></span> <span class='ocrx_word' id='word_1_64' title='bbox 558 1902 667 1977; x_wconf 93' lang='lat' dir='ltr'><strong>Haec</strong></span> <span class='ocrx_word' id='word_1_65' title='bbox 690 1903 738 1977; x_wconf 91' lang='lat' dir='ltr'><strong>de</strong></span> <span class='ocrx_word' id='word_1_66' title='bbox 764 1903 936 2002; x_wconf 88' lang='lat' dir='ltr'><strong>Orphicis</strong></span> <span class='ocrx_word' id='word_1_67' title='bbox 951 1905 1125 1979; x_wconf 86' lang='lat' dir='ltr'><strong>doctrinis</strong></span> <span class='ocrx_word' id='word_1_68' title='bbox 1139 1920 1178 1979; x_wconf 88' lang='lat' dir='ltr'><strong>et</strong></span> <span class='ocrx_word' id='word_1_69' title='bbox 1191 1905 1239 1979; x_wconf 93' lang='lat' dir='ltr'><strong>de</strong></span> <span class='ocrx_word' id='word_1_70' title='bbox 1253 1904 1399 2004; x_wconf 87' lang='lat' dir='ltr'><strong>mythis.</strong></span> <span class='ocrx_word' id='word_1_71' title='bbox 1415 1904 1473 1979; x_wconf 86' lang='lat' dir='ltr'><strong>Ea</strong></span> <span class='ocrx_word' id='word_1_72' title='bbox 1486 1929 1577 1979; x_wconf 88' lang='lat' dir='ltr'><strong>vero</strong></span> 
     </span>
     <span class='ocr_line' id='line_1_11' title="bbox 451 2022 1576 2126; baseline -0.001 -25"><span class='ocrx_word' id='word_1_73' title='bbox 451 2052 549 2124; x_wconf 88' lang='lat' dir='ltr'><strong>quae</strong></span> <span class='ocrx_word' id='word_1_74' title='bbox 576 2026 624 2100; x_wconf 93' lang='lat' dir='ltr'><strong>de</strong></span> <span class='ocrx_word' id='word_1_75' title='bbox 647 2026 703 2099; x_wconf 90' lang='lat' dir='ltr'><strong>his</strong></span> <span class='ocrx_word' id='word_1_76' title='bbox 725 2042 833 2101; x_wconf 90' lang='lat' dir='ltr'><strong>erant</strong></span> <span class='ocrx_word' id='word_1_77' title='bbox 855 2028 1024 2119; x_wconf 84' lang='lat' dir='ltr'><strong>dicenda,</strong></span> <span class='ocrx_word' id='word_1_78' title='bbox 1049 2028 1085 2101; x_wconf 92' lang='lat' dir='ltr'><strong>in</strong></span> <span class='ocrx_word' id='word_1_79' title='bbox 1108 2022 1319 2126; x_wconf 75' lang='lat' dir='ltr'><strong>poesin⁸)</strong></span> <span class='ocrx_word' id='word_1_80' title='bbox 1339 2052 1490 2126; x_wconf 94' lang='lat' dir='ltr'><strong>quoque</strong></span> <span class='ocrx_word' id='word_1_81' title='bbox 1514 2052 1576 2100; x_wconf 91' lang='lat' dir='ltr'><strong>va·</strong></span> 
     </span>
     <span class='ocr_line' id='line_1_12' title="bbox 450 2146 1573 2248; baseline 0 -24"><span class='ocrx_word' id='word_1_82' title='bbox 450 2146 583 2246; x_wconf 83' lang='lat' dir='ltr'><strong>lent⁴):</strong></span> <span class='ocrx_word' id='word_1_83' title='bbox 612 2148 717 2246; x_wconf 79' lang='lat' dir='ltr'><strong>poesi</strong></span> <span class='ocrx_word' id='word_1_84' title='bbox 744 2149 812 2247; x_wconf 90' lang='lat' dir='ltr'><strong>ipsi</strong></span> <span class='ocrx_word' id='word_1_85' title='bbox 835 2175 902 2248; x_wconf 92' lang='lat' dir='ltr'><strong>per</strong></span> <span class='ocrx_word' id='word_1_86' title='bbox 924 2176 966 2225; x_wconf 89' lang='lat' dir='ltr'><strong>se</strong></span> <span class='ocrx_word' id='word_1_87' title='bbox 989 2150 1139 2225; x_wconf 91' lang='lat' dir='ltr'><strong>minime</strong></span> <span class='ocrx_word' id='word_1_88' title='bbox 1161 2150 1326 2224; x_wconf 90' lang='lat' dir='ltr'><strong>inimicus</strong></span> <span class='ocrx_word' id='word_1_89' title='bbox 1349 2165 1407 2224; x_wconf 92' lang='lat' dir='ltr'><strong>est</strong></span> <span class='ocrx_word' id='word_1_90' title='bbox 1425 2150 1573 2224; x_wconf 70' lang='lat' dir='ltr'><strong>Pharo:</strong></span> 
     </span>
     <span class='ocr_line' id='line_1_13' title="bbox 450 2270 1578 2370; baseline -0.001 -24"><span class='ocrx_word' id='word_1_91' title='bbox 450 2273 565 2346; x_wconf 91' lang='lat' dir='ltr'><strong>immo</strong></span> <span class='ocrx_word' id='word_1_92' title='bbox 589 2295 679 2345; x_wconf 91' lang='lat' dir='ltr'><strong>vero</strong></span> <span class='ocrx_word' id='word_1_93' title='bbox 703 2272 852 2370; x_wconf 87' lang='lat' dir='ltr'><strong>saepius</strong></span> <span class='ocrx_word' id='word_1_94' title='bbox 874 2278 974 2365; x_wconf 82' lang='grc' dir='ltr'><strong><em>θείους</em></strong></span> <span class='ocrx_word' id='word_1_95' title='bbox 996 2287 1109 2347; x_wconf 91' lang='lat' dir='ltr'><strong>vocat</strong></span> <span class='ocrx_word' id='word_1_96' title='bbox 1127 2283 1272 2369; x_wconf 72' lang='lat' dir='ltr'><strong>poetas,</strong></span> <span class='ocrx_word' id='word_1_97' title='bbox 1287 2270 1477 2370; x_wconf 87' lang='lat' dir='ltr'><strong>praeclare</strong></span> <span class='ocrx_word' id='word_1_98' title='bbox 1491 2272 1578 2345; x_wconf 93' lang='lat' dir='ltr'><strong>dicit</strong></span> 
     </span>
     <span class='ocr_line' id='line_1_14' title="bbox 452 2392 1577 2500; baseline 0 -32"><span class='ocrx_word' id='word_1_99' title='bbox 452 2396 499 2468; x_wconf 91' lang='lat' dir='ltr'><strong>de</strong></span> <span class='ocrx_word' id='word_1_100' title='bbox 517 2393 661 2468; x_wconf 89' lang='lat' dir='ltr'><strong>illorum</strong></span> <span class='ocrx_word' id='word_1_101' title='bbox 675 2401 792 2500; x_wconf 76' lang='grc' dir='ltr'><em>μανίᾳ,</em></span> <span class='ocrx_word' id='word_1_102' title='bbox 808 2397 887 2493; x_wconf 92' lang='lat' dir='ltr'><strong>ipse</strong></span> <span class='ocrx_word' id='word_1_103' title='bbox 901 2422 1067 2470; x_wconf 90' lang='lat' dir='ltr'><strong>summus</strong></span> <span class='ocrx_word' id='word_1_104' title='bbox 1081 2395 1147 2469; x_wconf 82' lang='lat' dir='ltr'><strong>suit</strong></span> <span class='ocrx_word' id='word_1_105' title='bbox 1160 2405 1286 2493; x_wconf 74' lang='lat' dir='ltr'><strong>poeta.</strong></span> <span class='ocrx_word' id='word_1_106' title='bbox 1298 2392 1324 2492; x_wconf 79' lang='lat'><strong>⁵)</strong></span> <span class='ocrx_word' id='word_1_107' title='bbox 1340 2395 1472 2492; x_wconf 89' lang='lat' dir='ltr'><strong>ltaque</strong></span> <span class='ocrx_word' id='word_1_108' title='bbox 1485 2395 1577 2468; x_wconf 88' lang='lat' dir='ltr'><strong>vitu-</strong></span> 
     </span>
     <span class='ocr_line' id='line_1_15' title="bbox 451 2517 1577 2615; baseline 0.001 -25"><span class='ocrx_word' id='word_1_109' title='bbox 451 2532 560 2615; x_wconf 91' lang='lat' dir='ltr'><strong>perat</strong></span> <span class='ocrx_word' id='word_1_110' title='bbox 595 2527 740 2614; x_wconf 74' lang='lat' dir='ltr'><strong>poetas,</strong></span> <span class='ocrx_word' id='word_1_111' title='bbox 773 2542 848 2591; x_wconf 91' lang='lat' dir='ltr'><strong>non</strong></span> <span class='ocrx_word' id='word_1_112' title='bbox 877 2543 952 2615; x_wconf 92' lang='lat' dir='ltr'><strong>quo</strong></span> <span class='ocrx_word' id='word_1_113' title='bbox 980 2518 1053 2591; x_wconf 92' lang='lat' dir='ltr'><strong>sint</strong></span> <span class='ocrx_word' id='word_1_114' title='bbox 1079 2528 1228 2614; x_wconf 72' lang='lat' dir='ltr'><strong>poetae,</strong></span> <span class='ocrx_word' id='word_1_115' title='bbox 1257 2517 1324 2590; x_wconf 90' lang='lat' dir='ltr'><strong>sed</strong></span> <span class='ocrx_word' id='word_1_116' title='bbox 1351 2517 1453 2615; x_wconf 93' lang='lat' dir='ltr'><strong>quod</strong></span> <span class='ocrx_word' id='word_1_117' title='bbox 1480 2518 1577 2591; x_wconf 82' lang='lat' dir='ltr'><strong>male</strong></span> 
     </span>
     <span class='ocr_line' id='line_1_16' title="bbox 450 2640 911 2737; baseline 0.002 -25"><span class='ocrx_word' id='word_1_118' title='bbox 450 2655 532 2713; x_wconf 91' lang='lat' dir='ltr'><strong>arte</strong></span> <span class='ocrx_word' id='word_1_119' title='bbox 559 2640 707 2737; x_wconf 73' lang='lat' dir='ltr'><strong>poetica</strong></span> <span class='ocrx_word' id='word_1_120' title='bbox 733 2656 818 2713; x_wconf 93' lang='lat' dir='ltr'><strong>sunt</strong></span> <span class='ocrx_word' id='word_1_121' title='bbox 845 2640 911 2713; x_wconf 92' lang='lat' dir='ltr'><strong>usi.</strong></span> 
     </span>
    </p>

    <p class='ocr_par' dir='ltr' id='par_1_4' title="bbox 450 2758 1579 3105">
     <span class='ocr_line' id='line_1_17' title="bbox 504 2758 1576 2860; baseline 0.001 -25"><span class='ocrx_word' id='word_1_122' title='bbox 504 2759 565 2835; x_wconf 91' lang='lat' dir='ltr'><strong>Sic</strong></span> <span class='ocrx_word' id='word_1_123' title='bbox 592 2806 643 2817; x_wconf 94' lang='lat'><em>-</em></span> <span class='ocrx_word' id='word_1_124' title='bbox 667 2776 708 2836; x_wconf 93' lang='lat' dir='ltr'><strong>ut</strong></span> <span class='ocrx_word' id='word_1_125' title='bbox 729 2761 884 2836; x_wconf 81' lang='lat' dir='ltr'><strong>afferam</strong></span> <span class='ocrx_word' id='word_1_126' title='bbox 907 2758 1120 2860; x_wconf 89' lang='lat' dir='ltr'><strong>exemplum</strong></span> <span class='ocrx_word' id='word_1_127' title='bbox 1143 2805 1195 2816; x_wconf 93' lang='lat'>—</span> <span class='ocrx_word' id='word_1_128' title='bbox 1220 2760 1340 2859; x_wconf 85' lang='lat' dir='ltr'><strong>Legg.</strong></span> <span class='ocrx_word' id='word_1_129' title='bbox 1358 2765 1433 2854; x_wconf 88' lang='lat'><strong>669</strong></span> <span class='ocrx_word' id='word_1_130' title='bbox 1449 2762 1478 2835; x_wconf 93' lang='lat' dir='ltr'><strong>B</strong></span> <span class='ocrx_word' id='word_1_131' title='bbox 1493 2786 1576 2859; x_wconf 90' lang='lat' dir='ltr'><strong>sqq.</strong></span> 
     </span>
     <span class='ocr_line' id='line_1_18' title="bbox 450 2882 1578 2982; baseline 0 -25"><span class='ocrx_word' id='word_1_132' title='bbox 450 2900 652 2981; x_wconf 90' lang='lat' dir='ltr'><strong>carpuntur</strong></span> <span class='ocrx_word' id='word_1_133' title='bbox 691 2895 839 2982; x_wconf 74' lang='lat' dir='ltr'><strong>poetae,</strong></span> <span class='ocrx_word' id='word_1_134' title='bbox 877 2885 1016 2981; x_wconf 87' lang='lat' dir='ltr'><strong>quippe</strong></span> <span class='ocrx_word' id='word_1_135' title='bbox 1052 2884 1114 2981; x_wconf 88' lang='lat' dir='ltr'><strong>qui</strong></span> <span class='ocrx_word' id='word_1_136' title='bbox 1150 2883 1222 2956; x_wconf 91' lang='lat' dir='ltr'><strong>sint</strong></span> <span class='ocrx_word' id='word_1_137' title='bbox 1257 2882 1406 2957; x_wconf 89' lang='lat' dir='ltr'><strong>viliores</strong></span> <span class='ocrx_word' id='word_1_138' title='bbox 1441 2894 1578 2981; x_wconf 72' lang='lat' dir='ltr'><strong>poetae</strong></span> 
     </span>
     <span class='ocr_line' id='line_1_19' title="bbox 452 3002 1579 3105; baseline 0.004 -26"><span class='ocrx_word' id='word_1_139' title='bbox 452 3032 565 3105; x_wconf 90' lang='lat' dir='ltr'><strong>quam</strong></span> <span class='ocrx_word' id='word_1_140' title='bbox 601 3006 704 3104; x_wconf 92' lang='lat' dir='ltr'><strong>ipsae</strong></span> <span class='ocrx_word' id='word_1_141' title='bbox 733 3007 879 3098; x_wconf 85' lang='lat' dir='ltr'><strong>Musae,</strong></span> <span class='ocrx_word' id='word_1_142' title='bbox 907 3005 1108 3102; x_wconf 89' lang='lat' dir='ltr'><strong>omniaque</strong></span> <span class='ocrx_word' id='word_1_143' title='bbox 1135 3006 1372 3079; x_wconf 88' lang='lat' dir='ltr'><strong>subvertant:</strong></span> <span class='ocrx_word' id='word_1_144' title='bbox 1391 3065 1398 3079; x_wconf 94' lang='lat'><strong>.</strong></span> <span class='ocrx_word' id='word_1_145' title='bbox 1417 3064 1425 3079; x_wconf 90' lang='lat'><strong>.</strong></span> <span class='ocrx_word' id='word_1_146' title='bbox 1444 3063 1477 3079; x_wconf 86' lang='lat'><strong>..</strong></span> <span class='ocrx_word' id='word_1_147' title='bbox 1505 3002 1579 3098; x_wconf 86' lang='grc' dir='ltr'>τοὺς</span> 
     </span>
    </p>
   </div>
   <div class='ocr_carea' id='block_1_4' title="bbox 438 3123 1582 3477">
    <p class='ocr_par' dir='ltr' id='par_1_5' title="bbox 438 3123 1582 3477">
     <span class='ocr_line' id='line_1_20' title="bbox 438 3123 1579 3233; baseline -0.002 -26"><span class='ocrx_word' id='word_1_148' title='bbox 438 3124 584 3221; x_wconf 76' lang='grc' dir='ltr'><strong><em>’ποιητὰς</em></strong></span> <span class='ocrx_word' id='word_1_149' title='bbox 618 3129 830 3233; x_wconf 80' lang='grc' dir='ltr'><strong>φαυλοτέρους</strong></span> <span class='ocrx_word' id='word_1_150' title='bbox 862 3128 942 3206; x_wconf 82' lang='grc' dir='ltr'><em>εἶναι</em></span> <span class='ocrx_word' id='word_1_151' title='bbox 968 3124 1102 3220; x_wconf 73' lang='grc' dir='ltr'><em>ποιητὰς</em></span> <span class='ocrx_word' id='word_1_152' title='bbox 1130 3124 1324 3206; x_wconf 70' lang='grc' dir='ltr'><strong><em>αὐτῶντῶν</em></strong></span> <span class='ocrx_word' id='word_1_153' title='bbox 1352 3140 1516 3207; x_wconf 81' lang='grc' dir='ltr'><strong>Μουσῶν.</strong></span> <span class='ocrx_word' id='word_1_154' title='bbox 1543 3123 1579 3205; x_wconf 81' lang='grc' dir='ltr'><strong>οὐ</strong></span> 
     </span>
     <span class='ocr_line' id='line_1_21' title="bbox 450 3247 1581 3356; baseline 0 -28"><span class='ocrx_word' id='word_1_155' title='bbox 450 3247 516 3355; x_wconf 75' lang='grc' dir='ltr'><strong>γὰρ</strong></span> <span class='ocrx_word' id='word_1_156' title='bbox 543 3249 584 3328; x_wconf 83' lang='grc' dir='ltr'><strong>ἂν</strong></span> <span class='ocrx_word' id='word_1_157' title='bbox 611 3254 731 3329; x_wconf 83' lang='grc' dir='ltr'><em>ἐκεῖναί</em></span> <span class='ocrx_word' id='word_1_158' title='bbox 753 3283 789 3355; x_wconf 75' lang='grc' dir='ltr'><strong>γε</strong></span> <span class='ocrx_word' id='word_1_159' title='bbox 816 3248 1026 3356; x_wconf 67' lang='grc' dir='ltr'>ἐξαμάρτοιέν</span> <span class='ocrx_word' id='word_1_160' title='bbox 1052 3278 1125 3328; x_wconf 81' lang='grc' dir='ltr'>ποτε</span> <span class='ocrx_word' id='word_1_161' title='bbox 1151 3258 1313 3353; x_wconf 72' lang='grc' dir='ltr'><strong><em>τοσοῦτον,</em></strong></span> <span class='ocrx_word' id='word_1_162' title='bbox 1339 3247 1416 3327; x_wconf 74' lang='grc' dir='ltr'>ὥστε</span> <span class='ocrx_word' id='word_1_163' title='bbox 1443 3250 1581 3353; x_wconf 69' lang='grc' dir='ltr'><strong><em>ῥήματα</em></strong></span> 
     </span>
     <span class='ocr_line' id='line_1_22' title="bbox 452 3370 1582 3477; baseline -0.003 -26"><span class='ocrx_word' id='word_1_164' title='bbox 452 3373 580 3476; x_wconf 57' lang='grc' dir='ltr'>ἀνδρῶν</span> <span class='ocrx_word' id='word_1_165' title='bbox 602 3375 777 3458; x_wconf 70' lang='grc' dir='ltr'>ποιήσασαι</span> <span class='ocrx_word' id='word_1_166' title='bbox 799 3374 835 3450; x_wconf 79' lang='grc' dir='ltr'><strong>τὸ</strong></span> <span class='ocrx_word' id='word_1_167' title='bbox 857 3387 977 3477; x_wconf 75' lang='grc' dir='ltr'>σχῆμα</span> <span class='ocrx_word' id='word_1_168' title='bbox 998 3388 1164 3477; x_wconf 73' lang='grc' dir='ltr'><strong>γυναικῶν</strong></span> <span class='ocrx_word' id='word_1_169' title='bbox 1188 3379 1245 3450; x_wconf 85' lang='grc' dir='ltr'><strong>καὶ</strong></span> <span class='ocrx_word' id='word_1_170' title='bbox 1266 3372 1366 3475; x_wconf 62' lang='lat' dir='ltr'><strong>using</strong></span> <span class='ocrx_word' id='word_1_171' title='bbox 1388 3370 1582 3474; x_wconf 75' lang='lat' dir='ltr'><strong>dnodotiuoer,</strong></span> 
     </span>
    </p>
   </div>
   <div class='ocr_carea' id='block_1_5' title="bbox 388 3615 1587 4719">
    <p class='ocr_par' dir='ltr' id='par_1_6' title="bbox 388 3615 1585 3856">
     <span class='ocr_line' id='line_1_23' title="bbox 388 3615 1584 3684; baseline -0.001 -17"><span class='ocrx_word' id='word_1_172' title='bbox 388 3677 391 3683; x_wconf 28' lang='grc' dir='ltr'>Ι</span> <span class='ocrx_word' id='word_1_173' title='bbox 500 3616 526 3684; x_wconf 83' lang='lat'><strong>1)</strong></span> <span class='ocrx_word' id='word_1_174' title='bbox 545 3617 586 3667; x_wconf 81' lang='lat' dir='ltr'><strong>Cf.</strong></span> <span class='ocrx_word' id='word_1_175' title='bbox 605 3618 719 3682; x_wconf 75' lang='lat' dir='ltr'><strong>Wnnau,</strong></span> <span class='ocrx_word' id='word_1_176' title='bbox 736 3615 837 3667; x_wconf 80' lang='lat' dir='ltr'><strong>Platon.</strong></span> <span class='ocrx_word' id='word_1_177' title='bbox 856 3616 918 3667; x_wconf 83' lang='lat' dir='ltr'><strong>Not.</strong></span> <span class='ocrx_word' id='word_1_178' title='bbox 938 3618 1003 3667; x_wconf 80' lang='lat' dir='ltr'><strong>tiber</strong></span> <span class='ocrx_word' id='word_1_179' title='bbox 1022 3615 1105 3682; x_wconf 87' lang='lat' dir='ltr'><strong>Orph.</strong></span> <span class='ocrx_word' id='word_1_180' title='bbox 1124 3632 1185 3682; x_wconf 82' lang='lat' dir='ltr'><strong>pag.</strong></span> <span class='ocrx_word' id='word_1_181' title='bbox 1203 3629 1253 3679; x_wconf 80' lang='lat'><strong>41:</strong></span> <span class='ocrx_word' id='word_1_182' title='bbox 1273 3615 1325 3681; x_wconf 79' lang='lat' dir='ltr'><strong>„Er</strong></span> <span class='ocrx_word' id='word_1_183' title='bbox 1340 3616 1412 3667; x_wconf 73' lang='lat' dir='ltr'><strong>httte</strong></span> <span class='ocrx_word' id='word_1_184' title='bbox 1426 3615 1495 3666; x_wconf 83' lang='lat' dir='ltr'><strong>wohl</strong></span> <span class='ocrx_word' id='word_1_185' title='bbox 1510 3615 1584 3666; x_wconf 84' lang='lat' dir='ltr'><strong>nicht</strong></span> 
     </span>
     <span class='ocr_line' id='line_1_24' title="bbox 452 3701 1585 3769; baseline -0.001 -15"><span class='ocrx_word' id='word_1_186' title='bbox 452 3719 482 3754; x_wconf 89' lang='lat' dir='ltr'><strong>so</strong></span> <span class='ocrx_word' id='word_1_187' title='bbox 506 3703 545 3753; x_wconf 78' lang='lat' dir='ltr'><strong>oft</strong></span> <span class='ocrx_word' id='word_1_188' title='bbox 570 3703 666 3754; x_wconf 80' lang='lat' dir='ltr'><strong>Anlsss</strong></span> <span class='ocrx_word' id='word_1_189' title='bbox 689 3718 854 3769; x_wconf 76' lang='lat' dir='ltr'><strong>genommen,</strong></span> <span class='ocrx_word' id='word_1_190' title='bbox 878 3719 930 3753; x_wconf 88' lang='lat' dir='ltr'><strong>von</strong></span> <span class='ocrx_word' id='word_1_191' title='bbox 950 3703 983 3753; x_wconf 93' lang='grc'><strong>0.</strong></span> <span class='ocrx_word' id='word_1_192' title='bbox 1003 3719 1034 3753; x_wconf 82' lang='lat' dir='ltr'><strong>zu</strong></span> <span class='ocrx_word' id='word_1_193' title='bbox 1052 3702 1189 3768; x_wconf 78' lang='lat' dir='ltr'><strong>spreehen,</strong></span> <span class='ocrx_word' id='word_1_194' title='bbox 1208 3708 1276 3753; x_wconf 68' lang='lat' dir='ltr'><strong>wire</strong></span> <span class='ocrx_word' id='word_1_195' title='bbox 1293 3701 1377 3752; x_wconf 82' lang='lat' dir='ltr'><strong>dieser</strong></span> <span class='ocrx_word' id='word_1_196' title='bbox 1395 3702 1494 3752; x_wconf 76' lang='lat' dir='ltr'><strong>damnis</strong></span> <span class='ocrx_word' id='word_1_197' title='bbox 1512 3702 1585 3753; x_wconf 83' lang='lat' dir='ltr'><strong>nieht</strong></span> 
     </span>
     <span class='ocr_line' id='line_1_25' title="bbox 455 3789 763 3856; baseline -0.003 -16"><span class='ocrx_word' id='word_1_198' title='bbox 455 3789 597 3856; x_wconf 79' lang='lat' dir='ltr'><strong>¹‚rnodern”</strong></span> <span class='ocrx_word' id='word_1_199' title='bbox 615 3789 763 3855; x_wconf 71' lang='lat' dir='ltr'><strong>genesen‘*</strong></span> 
     </span>
    </p>

    <p class='ocr_par' dir='ltr' id='par_1_7' title="bbox 498 3875 835 3944">
     <span class='ocr_line' id='line_1_26' title="bbox 498 3875 835 3944; baseline 0 -18"><span class='ocrx_word' id='word_1_200' title='bbox 498 3876 527 3944; x_wconf 87' lang='lat'><strong>2)</strong></span> <span class='ocrx_word' id='word_1_201' title='bbox 545 3877 576 3927; x_wconf 86' lang='lat' dir='ltr'><strong>C.</strong></span> <span class='ocrx_word' id='word_1_202' title='bbox 595 3893 620 3926; x_wconf 86' lang='lat' dir='ltr'><strong>u.</strong></span> <span class='ocrx_word' id='word_1_203' title='bbox 640 3878 677 3927; x_wconf 91' lang='grc' dir='ltr'><strong>Μ.</strong></span> <span class='ocrx_word' id='word_1_204' title='bbox 696 3892 756 3942; x_wconf 82' lang='lat' dir='ltr'><strong>pag.</strong></span> <span class='ocrx_word' id='word_1_205' title='bbox 775 3875 835 3941; x_wconf 82' lang='lat'><strong>656.</strong></span> 
     </span>
    </p>

    <p class='ocr_par' dir='ltr' id='par_1_8' title="bbox 454 3961 1585 4288">
     <span class='ocr_line' id='line_1_27' title="bbox 499 3961 1585 4031; baseline -0.002 -18"><span class='ocrx_word' id='word_1_206' title='bbox 499 3962 527 4031; x_wconf 85' lang='lat'><strong>3)</strong></span> <span class='ocrx_word' id='word_1_207' title='bbox 545 3963 598 4013; x_wconf 89' lang='lat' dir='ltr'><strong>Eos</strong></span> <span class='ocrx_word' id='word_1_208' title='bbox 626 3964 672 4028; x_wconf 92' lang='lat' dir='ltr'><strong>qui</strong></span> <span class='ocrx_word' id='word_1_209' title='bbox 695 3963 728 4013; x_wconf 90' lang='lat' dir='ltr'><strong>de</strong></span> <span class='ocrx_word' id='word_1_210' title='bbox 755 3964 855 4013; x_wconf 85' lang='lat' dir='ltr'><strong>ratione</strong></span> <span class='ocrx_word' id='word_1_211' title='bbox 882 3978 950 4028; x_wconf 77' lang='lat' dir='ltr'><strong>qnae</strong></span> <span class='ocrx_word' id='word_1_212' title='bbox 974 3964 1096 4013; x_wconf 66' lang='lat' dir='ltr'><strong>Pharum</strong></span> <span class='ocrx_word' id='word_1_213' title='bbox 1120 3979 1178 4013; x_wconf 89' lang='lat' dir='ltr'><strong>cum</strong></span> <span class='ocrx_word' id='word_1_214' title='bbox 1197 3963 1272 4029; x_wconf 67' lang='lat' dir='ltr'><strong>poesi</strong></span> <span class='ocrx_word' id='word_1_215' title='bbox 1290 3968 1321 4015; x_wconf 65' lang='lat' dir='ltr'><strong>et.</strong></span> <span class='ocrx_word' id='word_1_216' title='bbox 1334 3961 1420 4027; x_wconf 78' lang='lat' dir='ltr'><strong>poe&#39;tis</strong></span> <span class='ocrx_word' id='word_1_217' title='bbox 1438 3961 1585 4028; x_wconf 79' lang='lat' dir='ltr'><strong>intercedit,</strong></span> 
     </span>
     <span class='ocr_line' id='line_1_28' title="bbox 454 4047 1584 4115; baseline -0.002 -15"><span class='ocrx_word' id='word_1_218' title='bbox 454 4050 614 4115; x_wconf 87' lang='lat' dir='ltr'><strong>scripserunt</strong></span> <span class='ocrx_word' id='word_1_219' title='bbox 637 4049 766 4099; x_wconf 85' lang='lat' dir='ltr'><strong>recensuit</strong></span> <span class='ocrx_word' id='word_1_220' title='bbox 791 4049 820 4098; x_wconf 83' lang='lat' dir='ltr'><strong>F.</strong></span> <span class='ocrx_word' id='word_1_221' title='bbox 840 4049 990 4114; x_wconf 62' lang='lat' dir='ltr'><strong>Schmun,</strong></span> <span class='ocrx_word' id='word_1_222' title='bbox 1009 4048 1061 4099; x_wconf 86' lang='lat' dir='ltr'><strong>Die</strong></span> <span class='ocrx_word' id='word_1_223' title='bbox 1080 4048 1199 4115; x_wconf 82' lang='lat' dir='ltr'><strong>Stellung</strong></span> <span class='ocrx_word' id='word_1_224' title='bbox 1219 4049 1265 4099; x_wconf 92' lang='lat' dir='ltr'><strong>der</strong></span> <span class='ocrx_word' id='word_1_225' title='bbox 1282 4048 1373 4098; x_wconf 88' lang='lat' dir='ltr'><strong>Poesie</strong></span> <span class='ocrx_word' id='word_1_226' title='bbox 1391 4048 1419 4097; x_wconf 84' lang='lat' dir='ltr'><strong>in</strong></span> <span class='ocrx_word' id='word_1_227' title='bbox 1437 4048 1483 4098; x_wconf 89' lang='lat' dir='ltr'><strong>der</strong></span> <span class='ocrx_word' id='word_1_228' title='bbox 1501 4047 1584 4113; x_wconf 78' lang='lat' dir='ltr'><strong>plato·</strong></span> 
     </span>
     <span class='ocr_line' id='line_1_29' title="bbox 454 4134 1585 4202; baseline -0.002 -16"><span class='ocrx_word' id='word_1_229' title='bbox 454 4136 563 4186; x_wconf 88' lang='lat' dir='ltr'><strong>nisehen</strong></span> <span class='ocrx_word' id='word_1_230' title='bbox 583 4134 761 4200; x_wconf 86' lang='lat' dir='ltr'><strong>Philosophie.</strong></span> <span class='ocrx_word' id='word_1_231' title='bbox 780 4135 913 4184; x_wconf 82' lang='lat' dir='ltr'><strong>Mttnchen</strong></span> <span class='ocrx_word' id='word_1_232' title='bbox 932 4147 1013 4202; x_wconf 77' lang='lat'><em>¹9013</em></span> <span class='ocrx_word' id='word_1_233' title='bbox 1031 4136 1134 4202; x_wconf 77' lang='lat' dir='ltr'><strong>egregie</strong></span> <span class='ocrx_word' id='word_1_234' title='bbox 1149 4136 1172 4185; x_wconf 87' lang='lat' dir='ltr'><strong>is</strong></span> <span class='ocrx_word' id='word_1_235' title='bbox 1188 4135 1234 4200; x_wconf 87' lang='lat' dir='ltr'><strong>qui</strong></span> <span class='ocrx_word' id='word_1_236' title='bbox 1249 4135 1283 4184; x_wconf 88' lang='lat' dir='ltr'><strong>sit</strong></span> <span class='ocrx_word' id='word_1_237' title='bbox 1292 4149 1402 4200; x_wconf 81' lang='lat' dir='ltr'><strong>poeseos</strong></span> <span class='ocrx_word' id='word_1_238' title='bbox 1412 4134 1439 4184; x_wconf 87' lang='lat' dir='ltr'><strong>in</strong></span> <span class='ocrx_word' id='word_1_239' title='bbox 1449 4135 1585 4184; x_wconf 77' lang='lat' dir='ltr'><strong>Pmoms</strong></span> 
     </span>
     <span class='ocr_line' id='line_1_30' title="bbox 455 4221 1029 4288; baseline -0.003 -16"><span class='ocrx_word' id='word_1_240' title='bbox 455 4221 637 4288; x_wconf 73' lang='lat' dir='ltr'><strong>philosophiae</strong></span> <span class='ocrx_word' id='word_1_241' title='bbox 656 4228 794 4286; x_wconf 78' lang='lat' dir='ltr'><strong>systemate</strong></span> <span class='ocrx_word' id='word_1_242' title='bbox 811 4221 893 4286; x_wconf 85' lang='lat' dir='ltr'><strong>locus,</strong></span> <span class='ocrx_word' id='word_1_243' title='bbox 912 4222 1029 4286; x_wconf 84' lang='lat' dir='ltr'><strong>exponit.</strong></span> 
     </span>
    </p>

    <p class='ocr_par' dir='ltr' id='par_1_9' title="bbox 453 4305 1584 4533">
     <span class='ocr_line' id='line_1_31' title="bbox 498 4305 1584 4378; baseline -0.003 -19"><span class='ocrx_word' id='word_1_244' title='bbox 498 4309 528 4378; x_wconf 89' lang='lat'><strong>4)</strong></span> <span class='ocrx_word' id='word_1_245' title='bbox 546 4309 619 4359; x_wconf 83' lang='lat' dir='ltr'><strong>Haec</strong></span> <span class='ocrx_word' id='word_1_246' title='bbox 643 4315 683 4359; x_wconf 80' lang='lat' dir='ltr'><strong>est</strong></span> <span class='ocrx_word' id='word_1_247' title='bbox 707 4325 792 4375; x_wconf 69' lang='lat' dir='ltr'><strong>causa,</strong></span> <span class='ocrx_word' id='word_1_248' title='bbox 814 4323 859 4358; x_wconf 83' lang='lat' dir='ltr'><strong>cru</strong></span> <span class='ocrx_word' id='word_1_249' title='bbox 882 4308 933 4358; x_wconf 86' lang='lat' dir='ltr'><strong>iarn</strong></span> <span class='ocrx_word' id='word_1_250' title='bbox 951 4307 1001 4358; x_wconf 91' lang='lat' dir='ltr'><strong>hoc</strong></span> <span class='ocrx_word' id='word_1_251' title='bbox 1020 4308 1105 4374; x_wconf 80' lang='lat' dir='ltr'><strong>capite</strong></span> <span class='ocrx_word' id='word_1_252' title='bbox 1124 4308 1217 4373; x_wconf 78' lang='lat' dir='ltr'><strong>dicam,</strong></span> <span class='ocrx_word' id='word_1_253' title='bbox 1236 4322 1303 4374; x_wconf 80' lang='lat' dir='ltr'><strong>quse</strong></span> <span class='ocrx_word' id='word_1_254' title='bbox 1321 4307 1354 4358; x_wconf 86' lang='lat' dir='ltr'><strong>de</strong></span> <span class='ocrx_word' id='word_1_255' title='bbox 1375 4306 1450 4373; x_wconf 70' lang='lat' dir='ltr'><strong>poesi</strong></span> <span class='ocrx_word' id='word_1_256' title='bbox 1467 4312 1528 4357; x_wconf 81' lang='lat' dir='ltr'><strong>runt</strong></span> <span class='ocrx_word' id='word_1_257' title='bbox 1546 4305 1584 4356; x_wconf 87' lang='lat' dir='ltr'><strong>di·</strong></span> 
     </span>
     <span class='ocr_line' id='line_1_32' title="bbox 453 4393 1584 4462; baseline -0.004 -16"><span class='ocrx_word' id='word_1_258' title='bbox 453 4395 545 4462; x_wconf 79' lang='lat' dir='ltr'><strong>cenda,</strong></span> <span class='ocrx_word' id='word_1_259' title='bbox 568 4395 631 4446; x_wconf 89' lang='lat' dir='ltr'><strong>licet</strong></span> <span class='ocrx_word' id='word_1_260' title='bbox 655 4395 713 4461; x_wconf 81' lang='lat' dir='ltr'><strong>ipsa</strong></span> <span class='ocrx_word' id='word_1_261' title='bbox 738 4410 785 4460; x_wconf 88' lang='lat' dir='ltr'><strong>per</strong></span> <span class='ocrx_word' id='word_1_262' title='bbox 811 4410 839 4445; x_wconf 90' lang='lat' dir='ltr'><strong>se</strong></span> <span class='ocrx_word' id='word_1_263' title='bbox 865 4394 959 4444; x_wconf 83' lang='lat' dir='ltr'><strong>melius</strong></span> <span class='ocrx_word' id='word_1_264' title='bbox 985 4394 1094 4446; x_wconf 82' lang='lat' dir='ltr'><strong>fortasse</strong></span> <span class='ocrx_word' id='word_1_265' title='bbox 1120 4395 1149 4445; x_wconf 90' lang='lat' dir='ltr'><strong>in</strong></span> <span class='ocrx_word' id='word_1_266' title='bbox 1174 4395 1286 4460; x_wconf 81' lang='lat' dir='ltr'><strong>proximi</strong></span> <span class='ocrx_word' id='word_1_267' title='bbox 1309 4393 1403 4460; x_wconf 79' lang='lat' dir='ltr'><strong>capitis</strong></span> <span class='ocrx_word' id='word_1_268' title='bbox 1428 4393 1584 4459; x_wconf 78' lang='lat' dir='ltr'><strong>quadrarent</strong></span> 
     </span>
     <span class='ocr_line' id='line_1_33' title="bbox 454 4483 576 4533; baseline -0.016 0"><span class='ocrx_word' id='word_1_269' title='bbox 454 4483 576 4533; x_wconf 82' lang='lat' dir='ltr'><strong>rationes.</strong></span> 
     </span>
    </p>

    <p class='ocr_par' dir='ltr' id='par_1_10' title="bbox 458 4564 1587 4719">
     <span class='ocr_line' id='line_1_34' title="bbox 506 4564 1587 4635; baseline -0.001 -17"><span class='ocrx_word' id='word_1_270' title='bbox 506 4568 533 4635; x_wconf 84' lang='grc'><strong>5)</strong></span> <span class='ocrx_word' id='word_1_271' title='bbox 551 4566 691 4618; x_wconf 75' lang='lat' dir='ltr'><strong>Srnrunru</strong></span> <span class='ocrx_word' id='word_1_272' title='bbox 724 4567 779 4618; x_wconf 90' lang='lat' dir='ltr'><strong>o.l.</strong></span> <span class='ocrx_word' id='word_1_273' title='bbox 802 4583 861 4633; x_wconf 79' lang='lat' dir='ltr'><strong>pag.</strong></span> <span class='ocrx_word' id='word_1_274' title='bbox 890 4579 936 4616; x_wconf 88' lang='lat' dir='ltr'><strong>ro:</strong></span> <span class='ocrx_word' id='word_1_275' title='bbox 970 4567 1022 4631; x_wconf 78' lang='lat' dir='ltr'><strong>„Er</strong></span> <span class='ocrx_word' id='word_1_276' title='bbox 1053 4566 1125 4618; x_wconf 92' lang='lat' dir='ltr'><strong>blieb</strong></span> <span class='ocrx_word' id='word_1_277' title='bbox 1158 4567 1224 4618; x_wconf 80' lang='lat' dir='ltr'><strong>euch</strong></span> <span class='ocrx_word' id='word_1_278' title='bbox 1257 4566 1295 4617; x_wconf 77' lang='lat' dir='ltr'><strong>alr</strong></span> <span class='ocrx_word' id='word_1_279' title='bbox 1325 4564 1470 4632; x_wconf 85' lang='lat' dir='ltr'><strong>Philosoph</strong></span> <span class='ocrx_word' id='word_1_280' title='bbox 1497 4565 1587 4617; x_wconf 84' lang='lat' dir='ltr'><strong>immer</strong></span> 
     </span>
     <span class='ocr_line' id='line_1_35' title="bbox 458 4653 724 4719; baseline -0.004 -14"><span class='ocrx_word' id='word_1_281' title='bbox 458 4655 504 4705; x_wconf 88' lang='lat' dir='ltr'><strong>der</strong></span> <span class='ocrx_word' id='word_1_282' title='bbox 521 4653 647 4704; x_wconf 82' lang='lat' dir='ltr'><strong>Dichter”</strong></span> <span class='ocrx_word' id='word_1_283' title='bbox 665 4669 724 4719; x_wconf 90' lang='lat' dir='ltr'><strong>sqq.</strong></span> 
     </span>
    </p>
   </div>
   <div class='ocr_carea' id='block_1_6' title="bbox 0 0 1878 5575">
    <p class='ocr_par' dir='ltr' id='par_1_11' title="bbox 0 0 1878 5575">
     <span class='ocr_line' id='line_1_36' title="bbox 0 0 1878 5575; baseline 0 0"><span class='ocrx_word' id='word_1_284' title='bbox 0 0 1878 5575; x_wconf 95' lang='lat' dir='ltr'><strong> </strong></span> 
     </span>
    </p>
   </div>
  </div>
 </body>
</html>
