3717 5575
963 676 1034 744 IQ

426 865 558 941 vacat3
606 849 642 924 in
691 865 850 948 utroque
897 851 991 925 haec
1039 867 1097 926 est
1146 851 1327 949 quaestio,
1371 851 1470 925 unde
1512 850 1560 924 dii

426 988 647 1047 noscantur:
700 999 813 1072 quam
856 973 1113 1072 quaestionem
1156 972 1397 1071 Reipublicae
1438 971 1561 1046 locum

427 1119 579 1192 ponere,
595 1091 622 1191 ¹)
650 1094 850 1169 Timaeum
877 1094 1078 1195 profligare
1102 1120 1224 1194 paene
1247 1096 1332 1170 dixi.
1359 1096 1493 1194 Itaque
1515 1120 1562 1168 ex

427 1217 483 1290 his
512 1216 618 1292 facile
644 1217 832 1309 conicitur,
860 1219 964 1316 quod
991 1219 1111 1317 ipsum
1140 1245 1207 1316 per
1234 1244 1275 1293 se
1303 1218 1376 1292 iam
1399 1234 1457 1294 est
1481 1243 1562 1316 pro·

426 1339 571 1415 babile:
598 1337 692 1433 τοὺς
728 1341 944 1445 εἰρηκότας
980 1338 1206 1446 ἔμπροσθεν
1235 1367 1358 1439 quos
1384 1341 1563 1416 TIMAEUS

428 1461 597 1555 affert,
649 1464 847 1537 eosdenr
889 1489 1000 1538 esse
1043 1488 1096 1538 ac
1137 1466 1563 1568 γενεαλογήσαντας

429 1583 547 1658 illos
573 1596 750 1682 poetas
779 1586 836 1661 de
864 1587 1042 1685 quibus
1067 1586 1299 1661 Ammmus
1324 1586 1450 1685 agit:
1478 1584 1562 1659 He

429 1707 615 1781 siodum
650 1708 887 1807 imprimis
914 1726 962 1784 et
991 1709 1274 1803 Homerum,
1302 1710 1348 1783 in
1376 1708 1562 1783 univer·

429 1856 523 1904 sum
551 1846 703 1906 autem
731 1831 949 1931 vulgares
977 1832 1263 1931 theogoniae
1291 1827 1563 1928 auctores')

483 1952 569 2027 Hac
605 1954 758 2028 demum
792 1956 936 2029 ratione
963 1954 1189 2054 intellegitur
1215 1955 1362 2029 Timaei
1388 1951 1564 2053 genealo-

428 2075 512 2174 gia:
550 2075 586 2149 in
623 2103 698 2174 qua
734 2077 838 2151 varia
876 2093 962 2151 sunt
990 2078 1102 2152 mixta
1130 2078 1225 2153 inter
1252 2103 1294 2153 se
1321 2093 1361 2152 et
1387 2076 1564 2151 contami·

429 2214 528 2274 nata.
545 2192 573 2296 8)
611 2197 816 2298 Vulgarem
855 2200 1024 2275 ordinem
1062 2200 1229 2298 sequitur
1265 2200 1393 2274 Punro
1421 2196 1562 2295 Cratyl.

431 2327 528 2415 396:
556 2321 706 2395 Uranos
734 2367 785 2377 -
810 2323 963 2396 Kronos
987 2366 1039 2377 —
1061 2321 1168 2414 Zeus,
1184 2321 1211 2418 ⁴)
1235 2322 1397 2397 eundem
1413 2320 1565 2396 exhibet

431 2443 635 2519 Hasrouus
681 2445 871 2519 Hortarius
906 2470 998 2519 vero
1036 2445 1228 2519 notissimo
1265 2442 1327 2519 illo
1364 2469 1487 2534 versu,
1516 2441 1564 2516 ad

432 2591 544 2663 quem
571 2567 720 2664 saepius
748 2565 878 2641 alludit
907 2568 1047 2658 Pham,
1077 2568 1272 2642 Oceanum
1300 2566 1456 2640 deorum
1481 2565 1566 2639 iecit

433 2686 625 2786 originem.
649 2686 676 2784 ὅ)
719 2688 792 2763 Hic
835 2690 962 2763 Punro
999 2690 1190 2789 utriusque
1226 2688 1492 2790 genealogiam
1528 2688 1565 2761 in

479 2887 506 2955 1)
524 2890 700 2938 Anmnrtwu
723 2888 767 2938 hic
791 2888 875 2955 loqui,
899 2905 954 2939 non
979 2889 1137 2956 Quam,
1155 2890 1215 2939 ideo
1234 2905 1289 2940 non
1308 2889 1341 2939 ad
1360 2904 1422 2955 rem,
1441 2888 1513 2954 quod
1531 2887 1564 2939 de

341 2987 346 2997 ’
430 2974 531 3041 vulgari
560 2975 645 3041 agitur
676 2975 820 3042 sententia3
850 2990 928 3040 quarn
956 2975 1066 3025 eandem
1093 2981 1194 3042 spectat
1221 2975 1357 3026 Timaeus:
1387 2976 1566 3024 humanans:

431 3062 550 3127 vulgares
566 3061 613 3128 dii,
628 3062 723 3129 inquit,
739 3064 796 3112 noti
811 3070 872 3113 sunt
887 3063 1016 3127 imprimis
1032 3056 1060 3109 ix
1074 3064 1123 3109 τᾶν
1137 3059 1377 3124 γενεαλογησάντων
1391 3064 1507 3116 ποιητῶν.
1522 3060 1567 3110 T1·

432 3160 536 3198 uanus:
561 3149 599 3198 dii
617 3147 736 3214 vulgares
761 3148 818 3199 noti
837 3157 897 3198 sunt
915 3142 944 3196 ix
961 3150 1011 3195 eor
1028 3145 1155 3209 rlpnatrur
1173 3144 1323 3209 tarpeio:
1342 3149 1386 3199 hic
1405 3145 1465 3203 τνῦς
1481 3160 1571 3208 wra-

431 3230 593 3295 toyriroevm
606 3231 713 3290 ποιητάς
730 3243 758 3286 et
771 3234 832 3292 τοὺς
846 3232 973 3295 εἰρηκότας
987 3231 1124 3296 imperiur
1139 3237 1245 3287 eosdem
1260 3251 1324 3301 esse,
1339 3235 1416 3285 facile
1431 3234 1567 3286 conicitur.

477 3320 506 3387 2)
524 3322 584 3372 Non
607 3322 660 3372 alia
683 3329 722 3373 est
746 3323 848 3373 Gaonu
870 3324 1001 3374 sententia
1025 3324 1077 3374 o.l.
1096 3340 1156 3390 pag.
1178 3322 1229 3387 189
1245 3324 1307 3374 adn.
1324 3337 1356 3388 g:
1377 3321 1463 3387 ,Ther
1480 3320 1565 3371 which

431 3407 505 3458 Plato
528 3409 591 3459 bere
614 3408 717 3473 enjoins
742 3416 769 3459 to
793 3411 826 3460 be
844 3411 966 3462 believed
985 3412 1008 3461 is
1026 3412 1071 3462 the
1089 3410 1235 3477 genealogy
1254 3410 1285 3460 of
1299 3409 1401 3460 Hesiod
1420 3408 1474 3458 and
1491 3408 1566 3458 other

432 3503 517 3562 poeta,
535 3496 634 3561 though
652 3496 686 3546 he
704 3496 767 3546 does
786 3504 833 3547 not
852 3498 986 3564 expressly
1003 3515 1080 3548 name
1100 3498 1143 3548 the
1154 3496 1335 3563 poets.’‘sqq.;
1346 3513 1406 3562 pag.
1417 3504 1482 3561 259:
1494 3494 1567 3560 „The

433 3582 555 3646 question
579 3582 640 3632 here
665 3582 696 3648 is,
720 3584 800 3633 about
822 3584 867 3634 the
891 3584 964 3635 Gods
991 3585 1022 3635 ol
1035 3584 1159 3635 tradition
1176 3584 1229 3634 and
1247 3584 1277 3635 ot'
1292 3583 1338 3633 the
1357 3583 1471 3648 popular
1487 3580 1569 3632 saith:

433 3669 497 3720 with
516 3670 560 3719 the
579 3670 709 3735 paternity
728 3670 781 3721 and
799 3670 909 3722 filiation
927 3672 1046 3723 ascribed
1065 3681 1092 3722 to
1108 3672 1188 3738 thern,
1202 3673 1238 3737 by
1254 3671 1356 3721 Hesiod
1371 3671 1424 3721 and
1438 3671 1483 3721 the
1493 3669 1567 3720 other

435 3762 520 3823 poeta,
543 3756 610 3806 from
635 3756 721 3806 whom
745 3757 845 3807 Greeks
867 3758 898 3807 oi
918 3759 963 3809 the
987 3759 1044 3808 fifth
1067 3758 1119 3809 and
1137 3758 1225 3809 fourth
1244 3758 1375 3808 centuries
1392 3758 1422 3808 B.
1434 3758 1464 3808 C.
1482 3756 1566 3807 learnt

436 3842 503 3892 their
521 3841 694 3908 Theogony.’'

481 3928 509 3996 3)
528 3929 569 3979 Cf.
593 3929 745 3993 Wnucxna,
769 3930 939 3981 Griechische
963 3932 1211 3998 Gotterl.1‚pagg.
1232 3945 1284 3996 29²
1303 3946 1377 3998 sqq.:
1405 3931 1514 3996 „Platon
1532 3930 1568 3980 im

435 4014 541 4064 Timfius
562 4015 633 4065 lilhrt
658 4015 709 4066 den
733 4016 869 4081 Ursprung
895 4033 947 4067 von
973 4017 1097 4068 Okeanos
1120 4017 1175 4067 und
1199 4018 1297 4083 Tethys
1319 4017 1366 4068 auf
1382 4017 1498 4067 Himmel
1515 4015 1569 4067 und

435 4101 504 4151 Erde
522 4103 626 4168 zurflck,
643 4119 695 4153 von
714 4102 800 4153 denen
818 4103 889 4154 daun
909 4105 1013 4154 Kronos
1029 4104 1084 4154 und
1098 4105 1173 4155 Rhea
1189 4106 1267 4155 nebst
1282 4104 1569 4169 Phorkysabstamrnen

435 4186 476 4254 (p.
500 4202 536 4251 40
545 4188 581 4256 e),
605 4189 665 4239 eine
688 4190 888 4256 Vereinbarung
911 4190 1003 4241 beider
1028 4192 1145 4256 Systeme
1168 4191 1213 4241 die
1230 4207 1290 4241 man
1309 4207 1361 4241 von
1378 4191 1433 4241 ihm
1451 4190 1497 4241 der
1516 4192 1570 4240 An·

437 4274 550 4341 fhhrung
567 4276 712 4342 gewtlrdigt
730 4292 760 4326 ru
779 4277 860 4328 sehen
880 4277 936 4328 sich
955 4276 1099 4328 wondert.’'

482 4367 511 4429 4)
530 4362 581 4426 396
591 4364 623 4412 B:
645 4363 734 4410 τοῦτον
751 4356 806 4426 [τὸν
824 4361 884 4428 Δία]
902 4360 929 4410 δὲ
947 4365 1035 4425 Κρόνον
1053 4362 1104 4411 vlia
1121 4357 1182 4412 abac
1192 4400 1199 4412 .
1264 4360 1323 4411 im
1338 4360 1366 4411 hi
1379 4354 1571 4423 οὖτοςοῦρειννῦ

436 4445 496 4504 υἱός,
513 4444 545 4504 ὥς
562 4448 653 4510 λόγος·
671 4458 745 4498 aaa.

484 4530 511 4596 5)
529 4532 626 4598 Utique
650 4532 714 4583 haec
740 4534 893 4599 genealogia
918 4535 962 4584 vix
980 4551 1039 4586 curn
1057 4542 1143 4586 cetera
1160 4536 1276 4586 Horum
1295 4535 1452 4601 theogoniae
1470 4534 1570 4584 ratione

438 4619 572 4682 congruit:
596 4620 628 4669 ci.
655 4620 798 4670 Wnacrrau
816 4621 862 4671 1.1.
882 4622 1004 4673 Ceterum
1022 4623 1055 4673 cf.
1074 4623 1262 4689 Nionrsnacu,
1281 4623 1360 4673 Hom.
1377 4621 1491 4687 Tbeol.⁸,
1510 4637 1570 4687 pag.

440 4716 473 4768 79
491 4712 517 4755 et
535 4706 595 4756 adn·
612 4706 646 4768 4⁶
664 4706 755 4774 (nan-
774 4717 835 4775 395,
853 4708 925 4777 39⁶)-
