3717 5575
824 681 890 749 161

292 902 338 951 ex
367 873 546 949 Heracliti
575 873 743 946 doctrina
771 871 1030 970 explicaturus,
1058 888 1206 946 vetusta
1236 873 1423 971 quaedam

289 998 471 1096 sapientia
508 997 605 1070 hunc
643 995 812 1069 docuisse
851 995 938 1069 dicit
972 996 1260 1069 contendentem
1297 995 1422 1069 omnia

291 1145 415 1195 meare
443 1145 512 1194 nec
540 1119 739 1216 quicquam
767 1141 932 1208 manere,
961 1132 999 1191 et
1027 1116 1125 1189 fluvii
1150 1116 1299 1191 fluxioni
1323 1144 1419 1191 com·

291 1258 485 1341 parantem
514 1266 560 1315 ea
588 1265 686 1338 quae
713 1255 810 1331 sunt,
839 1239 895 1312 bis
924 1254 962 1312 te
986 1239 1146 1313 eundem
1171 1239 1323 1313 fluvium
1348 1266 1422 1314 non

291 1392 401 1465 posse
424 1365 569 1463 ingredi
593 1364 798 1438 dicentem:
824 1363 963 1460 quippe
987 1360 1105 1435 simile
1129 1362 1218 1459 quid
1241 1363 1422 1436 inanimo

291 1487 466 1562 habuisse
511 1513 597 1562 eum
639 1487 702 1584 qui
743 1485 969 1583 reliquorum
1011 1485 1165 1559 deorum
1208 1486 1423 1583 parentibus

291 1610 466 1708 imposuit
488 1609 639 1684 nomina
664 1609 811 1683 Rheam
834 1625 872 1681 et
897 1607 1076 1699 Cronum,
1091 1633 1174 1680 cum
1190 1633 1264 1681 non
1280 1623 1421 1682 temere

292 1733 437 1830 utrique
474 1731 676 1805 fluxionum
714 1732 864 1805 nomina
898 1730 1086 1822 indiderit,
1115 1755 1184 1803 nec
1212 1731 1422 1829 discrepare

290 1872 461 1929 veterum
492 1864 688 1952 poetarum
727 1854 909 1929 carmina:
948 1852 1114 1944 Homeri,
1155 1853 1324 1945 Hesiodi,
1354 1853 1421 1927 Or·

291 1973 438 2076 phei:¹)
462 1976 498 2050 hi
523 2000 621 2074 quae
645 1977 813 2067 dixerint,
833 1992 871 2051 et
892 1976 987 2050 inter
1008 2002 1048 2050 se
1072 1976 1266 2051 concinere
1283 1977 1420 2067 omnia,
1473 1970 1476 1975 ’

291 2115 329 2173 et
364 2099 414 2173 ad
454 2098 752 2173 Heracliteorum
789 2098 1063 2172 similitudinem
1100 2099 1299 2173 accedere:
1331 2095 1422 2178 ταῦτ’

290 2206 347 2300 οὖν
383 2220 492 2300 σκόπει
529 2221 575 2299 ἔτι
613 2228 669 2299 καὶ
707 2220 865 2312 ἀλλήλοις
901 2230 1067 2323 συμφωνεῖ
1100 2223 1156 2297 καὶ
1191 2222 1270 2323 πρὸς
1297 2218 1338 2298 roi
1366 2231 1422 2299 τοῦ

290 2340 497 2448 Ἡρακλείτου
534 2341 641 2422 πόντοι
673 2348 781 2421 τείνειε
812 2367 886 2415 non
914 2341 1082 2415 scribitur
1101 2350 1233 2438 poetas
1260 2343 1354 2416 inter
1380 2368 1421 2416 se

290 2466 484 2539 concinere
517 2453 642 2562 (οὗτοι),
676 2465 742 2539 sed
769 2464 942 2537 carmina
971 2462 1104 2561 (ταῦτ’).
1136 2464 1246 2559 Quae
1270 2465 1422 2562 quinam

290 2587 501 2685 scripserint
537 2587 598 2660 vix
631 2585 737 2660 ullius
765 2612 848 2660 esse
875 2587 1066 2677 momenti,
1096 2586 1177 2684 quis
1204 2612 1279 2659 non
1307 2586 1421 2676 videt,

291 2734 374 2782 cum
403 2734 450 2783 ne
473 2710 655 2783 vetustius
679 2709 852 2783 habuisse
872 2708 1081 2781 PLATONEM
1106 2707 1249 2806 Orphei
1273 2734 1422 2783 carmen

296 2830 489 2906 Heraclito
525 2848 627 2907 certo
661 2832 811 2930 quidem
839 2831 933 2906 effici
963 2831 1079 2930 possit
1106 2857 1153 2905 ex
1180 2830 1250 2904 loci
1278 2832 1424 2905 verbis?

345 2953 455 3048 Quae
483 2980 568 3027 cum
591 2956 642 3029 ita
665 2955 748 3046 sint,
774 2978 898 3027 nonne
922 2953 1168 3027 umbraticam
1192 2955 1316 3050 potius
1339 2954 1423 3027 doc·

291 3076 425 3150 trinam
463 3101 576 3173 quam
614 3078 714 3151 vitae
746 3076 956 3150 cotidianae
972 3100 1195 3150 sermonem
1224 3074 1420 3171 redoleret,

292 3198 324 3270 si
363 3223 450 3295 pro:
490 3200 573 3302 λέγει
612 3200 652 3277 δέ
685 3231 744 3279 που
778 3201 834 3277 καὶ
864 3194 995 3304 Ὀρφεύς
1032 3198 1236 3295 scripsisset
1273 3198 1420 3271 Pharo:

340 3423 365 3490 1)
384 3425 481 3491 Cratyl.
506 3428 591 3490 401E
615 3443 690 3493 sqq:
714 3426 782 3490 μετὰ
806 3422 829 3473 δ’
847 3423 950 3473 Ἑστίαν
968 3421 1060 3472 δίκαιον
1078 3421 1146 3472 Ῥέαν
1163 3422 1206 3472 καὶ
1223 3423 1308 3483 Κρόνον
1326 3417 1425 3470 intend·

290 3504 393 3566 ψαοόαι.
410 3510 492 3560 καίτοι
510 3513 590 3575 τόγε
607 3515 653 3561 τοῦ
671 3513 758 3576 Κρόνου
775 3510 854 3573 ’όνομα
870 3508 916 3567 ἤδη
935 3507 1073 3572 διῆλόομεν.
1084 3508 1146 3568 'lm
1161 3509 1247 3572 μέντοι
1264 3507 1332 3558 οόδὶν
1350 3506 1425 3572 λέγοι.

332 3595 402 3641 ΒΡΜ.
418 3590 453 3640 T!
467 3590 505 3650 tt,
521 3588 540 3642 d
556 3591 696 3654 Σόιιρατες;

331 3679 383 3724 m.
400 3672 506 3738 Ὠγαόέ,
526 3674 650 3734 ἐννενόηκά
667 3695 694 3725 τι
712 3679 804 3739 σμῆνος
821 3676 921 3740 coplae.

333 3761 402 3808 BPM.
418 3759 492 3807 Ποῖον
510 3757 539 3816 δὴ
557 3762 647 3816 votvm

331 3842 382 3887 ΣΩ.
401 3843 498 3889 Γελοῖόν
517 3842 563 3903 μὶν
581 3840 653 3908 ει-ιένιιι
663 3841 748 3903 νόει-εῖν,
765 3838 835 3905 οἶμαι
853 3841 940 3904 μέντοι
958 3843 1015 3891 τινα
1031 3838 1185 3898 ιιιόανότιρτα
1201 3839 1271 3903 έχον.

334 3924 402 3969 Bm
419 3921 480 3972 Τένα
498 3922 608 3981 sutirum

336 4009 388 4053 ΣΩ,
406 4004 453 4052 Τόν
471 4003 632 4067 Ἡράκλειτόν
650 4023 692 4066 μοι
709 4003 770 4054 δοκῶ
787 4004 889 4068 ιιαόορόν
903 4004 1000 4054 παλαί’
1015 4002 1085 4054 ἅττα
1101 4004 1168 4066 σοφὰ
1183 4001 1426 4066 λόγοντα,όι·ιχνὸρ

291 4084 327 4133 τὰ
343 4081 385 4134 ἰπὶ
402 4087 490 4147 Κρόνου
508 4085 551 4136 καὶ
567 4086 646 4148 Ῥέας,
662 4086 680 4137 b
697 4086 741 4136 mi
756 4086 866 4150 Ὅμηρος
883 4086 980 4151 έλεγεν.

334 4171 403 4216 ΒΡΜ.
422 4172 478 4221 mit
494 4171 571 4218 τοῦτο
588 4167 687 4232 λέγειςι

337 4253 389 4299 m.
407 4248 487 4311 Λέγει
504 4266 552 4299 που
570 4249 741 4313 Ἡράκλειτος,
758 4251 798 4300 ότι
814 4251 898 4301 πάντα
916 4254 996 4315 χοιρεΐ
1010 4250 1052 4300 καὶ
1068 4247 1138 4299 abbir
1154 4249 1230 4311 μένει,
1248 4249 1291 4299 καῖ
1310 4252 1427 4309 ποταμοῦ

294 4331 335 4397 ῥοῇ
351 4329 495 4395 ἀπεικάζων
512 4333 547 4381 τὰ
563 4332 626 4381 'dm
643 4331 723 4397 λέγει,
740 4333 772 4392 ὥς
789 4332 826 4393 δὶς
842 4340 869 4392 ές
885 4335 928 4384 τόν
945 4332 1022 4384 abrit
1039 4334 1154 4393 ποταμὸν
1172 4330 1216 4382 οἷον
1233 4330 1263 4381 όν
1280 4331 1394 4393 έμβαένς.

335 4418 404 4463 EPM.
422 4412 499 4462 ’Ἔστι
516 4416 610 4465 ταῦτα.

334 4502 387 4547 m.
409 4495 445 4545 Τό
464 4490 519 4552 odiu
542 4495 608 4546 δοκεῖ
628 4515 668 4547 σοι
690 4498 851 4561 ἀλλοιότερον
874 4498 1040 4562 Ἡρακλείτου
1063 4500 1124 4547 νοεῖν
1139 4499 1152 4547 ό
1168 4496 1292 4558 τιόέμινος
1309 4499 1362 4555 τοῖς
1378 4500 1428 4544 τῶν

294 4578 378 4629 όλλειν
400 4578 457 4627 θεῶν
480 4581 606 4642 προγόνοις
625 4580 693 4630 Ῥέαν
710 4599 740 4631 τε
756 4581 798 4631 καὶ
816 4585 914 4643 repom
932 4579 980 4645 ἆρα
997 4580 1041 4632 dtu
1058 4581 1107 4631 ἀπό
1125 4584 1171 4630 τοῦ
1187 4578 1335 4641 αιἰτομότου
1352 4576 1429 4628 αὐτόν

293 4658 445 4724 ἀμφοτέροις
459 4659 586 4722 όενμότιιν
602 4662 714 4723 ὀνόματα
728 4663 824 4722 όέοόαις
842 4663 923 4725 doru
940 4659 972 4713 αὖ
980 4663 1091 4725 Ὅμηρος
1100 4664 1219 4712 Ὠκεανόν
1227 4678 1257 4711 τι
1266 4660 1322 4710 όεόν
1330 4659 1429 4723 γόνιοέν

293 4751 368 4809 φησιν
384 4742 426 4793 νεα)
443 4741 540 4806 μητέρα
556 4743 651 4802 Τιρόέν·
668 4741 737 4807 οἶμαι
756 4744 783 4796 δέ
800 4746 843 4796 καὶ
861 4744 983 4804 Ἡσίοδος.
1002 4746 1073 4808 λέγει
1088 4743 1115 4794 δέ
1130 4761 1178 4794 πον
1194 4741 1428 4806 ναΐορφιέςιιπλ.
