<?xml version="1.0" encoding="UTF-8"?>
<!DOCTYPE html PUBLIC "-//W3C//DTD XHTML 1.0 Transitional//EN"
    "http://www.w3.org/TR/xhtml1/DTD/xhtml1-transitional.dtd">
<html xmlns="http://www.w3.org/1999/xhtml" xml:lang="en" lang="en">
 <head>
  <title>
</title>
<meta http-equiv="Content-Type" content="text/html;charset=utf-8" />
  <meta name='ocr-system' content='tesseract 3.04.00' />
  <meta name='ocr-capabilities' content='ocr_page ocr_carea ocr_par ocr_line ocrx_word'/>
</head>
<body>
  <div class='ocr_page' id='page_1' title='image "./deplatonepraeso02woltgoog_0147.png"; bbox 0 0 3717 5575; ppageno 0'>
   <div class='ocr_carea' id='block_1_1' title="bbox 777 716 841 786">
    <p class='ocr_par' dir='ltr' id='par_1_1' title="bbox 777 716 841 786">
     <span class='ocr_line' id='line_1_1' title="bbox 777 716 841 786; baseline 0 -21"><span class='ocrx_word' id='word_1_1' title='bbox 777 716 841 786; x_wconf 81' lang='lat'>131</span> 
     </span>
    </p>
   </div>
   <div class='ocr_carea' id='block_1_2' title="bbox 244 891 1399 2207">
    <p class='ocr_par' dir='ltr' id='par_1_2' title="bbox 244 891 1399 2207">
     <span class='ocr_line' id='line_1_2' title="bbox 248 891 1374 988; baseline -0.004 -20"><span class='ocrx_word' id='word_1_2' title='bbox 248 895 361 968; x_wconf 88' lang='lat' dir='ltr'>etiam</span> <span class='ocrx_word' id='word_1_3' title='bbox 383 918 467 967; x_wconf 86' lang='lat' dir='ltr'>esse</span> <span class='ocrx_word' id='word_1_4' title='bbox 490 893 585 966; x_wconf 88' lang='lat' dir='ltr'>inter</span> <span class='ocrx_word' id='word_1_5' title='bbox 606 892 706 964; x_wconf 89' lang='lat' dir='ltr'>viros</span> <span class='ocrx_word' id='word_1_6' title='bbox 730 891 861 964; x_wconf 90' lang='lat' dir='ltr'>doctos</span> <span class='ocrx_word' id='word_1_7' title='bbox 884 892 1162 984; x_wconf 83' lang='lat' dir='ltr'>dissensionem,</span> <span class='ocrx_word' id='word_1_8' title='bbox 1187 892 1249 965; x_wconf 90' lang='lat' dir='ltr'>ubi</span> <span class='ocrx_word' id='word_1_9' title='bbox 1264 916 1374 988; x_wconf 88' lang='lat' dir='ltr'>quae·</span> 
     </span>
     <span class='ocr_line' id='line_1_3' title="bbox 247 1012 1375 1111; baseline -0.003 -23"><span class='ocrx_word' id='word_1_10' title='bbox 247 1016 346 1104; x_wconf 75' lang='lat' dir='ltr'>ntur,</span> <span class='ocrx_word' id='word_1_11' title='bbox 373 1015 461 1111; x_wconf 93' lang='lat' dir='ltr'>quid</span> <span class='ocrx_word' id='word_1_12' title='bbox 485 1013 532 1087; x_wconf 92' lang='lat' dir='ltr'>de</span> <span class='ocrx_word' id='word_1_13' title='bbox 556 1014 644 1111; x_wconf 90' lang='lat' dir='ltr'>ipsis</span> <span class='ocrx_word' id='word_1_14' title='bbox 668 1012 840 1109; x_wconf 88' lang='lat' dir='ltr'>Orphicis</span> <span class='ocrx_word' id='word_1_15' title='bbox 863 1012 1186 1111; x_wconf 90' lang='lat' dir='ltr'>Orphicorumque</span> <span class='ocrx_word' id='word_1_16' title='bbox 1201 1013 1375 1088; x_wconf 88' lang='lat' dir='ltr'>doctrinis</span> 
     </span>
     <span class='ocr_line' id='line_1_4' title="bbox 245 1135 1375 1231; baseline -0.003 -21"><span class='ocrx_word' id='word_1_17' title='bbox 245 1137 293 1211; x_wconf 91' lang='lat' dir='ltr'>sit</span> <span class='ocrx_word' id='word_1_18' title='bbox 327 1136 565 1227; x_wconf 79' lang='lat' dir='ltr'>censendum,</span> <span class='ocrx_word' id='word_1_19' title='bbox 595 1160 709 1231; x_wconf 89' lang='lat' dir='ltr'>quam</span> <span class='ocrx_word' id='word_1_20' title='bbox 737 1136 799 1208; x_wconf 91' lang='lat' dir='ltr'>ubi</span> <span class='ocrx_word' id='word_1_21' title='bbox 827 1135 915 1231; x_wconf 92' lang='lat' dir='ltr'>quid</span> <span class='ocrx_word' id='word_1_22' title='bbox 945 1136 1072 1209; x_wconf 72' lang='lat' dir='ltr'>PLAro</span> <span class='ocrx_word' id='word_1_23' title='bbox 1099 1138 1146 1210; x_wconf 92' lang='lat' dir='ltr'>de</span> <span class='ocrx_word' id='word_1_24' title='bbox 1173 1136 1216 1209; x_wconf 90' lang='lat' dir='ltr'>iis</span> <span class='ocrx_word' id='word_1_25' title='bbox 1242 1136 1375 1209; x_wconf 87' lang='lat' dir='ltr'>iudica·</span> 
     </span>
     <span class='ocr_line' id='line_1_5' title="bbox 244 1252 1374 1355; baseline -0.003 -23"><span class='ocrx_word' id='word_1_26' title='bbox 244 1258 350 1349; x_wconf 83' lang='lat' dir='ltr'>verit,</span> <span class='ocrx_word' id='word_1_27' title='bbox 379 1273 543 1355; x_wconf 86' lang='lat' dir='ltr'>rogatur.</span> <span class='ocrx_word' id='word_1_28' title='bbox 576 1255 652 1329; x_wconf 89' lang='lat' dir='ltr'>Alii</span> <span class='ocrx_word' id='word_1_29' title='bbox 679 1283 762 1330; x_wconf 91' lang='lat' dir='ltr'>cum</span> <span class='ocrx_word' id='word_1_30' title='bbox 786 1257 847 1329; x_wconf 83' lang='lat' dir='ltr'>vix</span> <span class='ocrx_word' id='word_1_31' title='bbox 871 1255 973 1329; x_wconf 88' lang='lat' dir='ltr'>flocci</span> <span class='ocrx_word' id='word_1_32' title='bbox 997 1257 1132 1330; x_wconf 88' lang='lat' dir='ltr'>saciant</span> <span class='ocrx_word' id='word_1_33' title='bbox 1155 1257 1340 1354; x_wconf 90' lang='lat' dir='ltr'>Orphicos</span> <span class='ocrx_word' id='word_1_34' title='bbox 1348 1252 1374 1353; x_wconf 84' lang='grc'>1)</span> 
     </span>
     <span class='ocr_line' id='line_1_6' title="bbox 246 1379 1375 1477; baseline -0.004 -23"><span class='ocrx_word' id='word_1_35' title='bbox 246 1395 285 1454; x_wconf 91' lang='lat' dir='ltr'>et</span> <span class='ocrx_word' id='word_1_36' title='bbox 307 1380 555 1477; x_wconf 87' lang='lat' dir='ltr'>Orphicorum</span> <span class='ocrx_word' id='word_1_37' title='bbox 580 1404 696 1476; x_wconf 86' lang='lat' dir='ltr'>opera</span> <span class='ocrx_word' id='word_1_38' title='bbox 718 1379 983 1452; x_wconf 89' lang='lat' dir='ltr'>recentioribus</span> <span class='ocrx_word' id='word_1_39' title='bbox 1007 1380 1210 1453; x_wconf 84' lang='lat' dir='ltr'>attribuant</span> <span class='ocrx_word' id='word_1_40' title='bbox 1233 1395 1375 1476; x_wconf 88' lang='lat' dir='ltr'>tempo·</span> 
     </span>
     <span class='ocr_line' id='line_1_7' title="bbox 246 1499 1376 1600; baseline -0.004 -24"><span class='ocrx_word' id='word_1_41' title='bbox 246 1504 357 1593; x_wconf 89' lang='lat' dir='ltr'>ribus,</span> <span class='ocrx_word' id='word_1_42' title='bbox 393 1502 633 1600; x_wconf 85' lang='lat' dir='ltr'>gravissimos</span> <span class='ocrx_word' id='word_1_43' title='bbox 667 1526 733 1574; x_wconf 89' lang='lat' dir='ltr'>eos</span> <span class='ocrx_word' id='word_1_44' title='bbox 767 1500 878 1574; x_wconf 80' lang='lat' dir='ltr'>fuisse</span> <span class='ocrx_word' id='word_1_45' title='bbox 913 1499 974 1574; x_wconf 88' lang='lat' dir='ltr'>alii</span> <span class='ocrx_word' id='word_1_46' title='bbox 1008 1518 1160 1575; x_wconf 89' lang='lat' dir='ltr'>censent</span> <span class='ocrx_word' id='word_1_47' title='bbox 1190 1517 1229 1575; x_wconf 91' lang='lat' dir='ltr'>et</span> <span class='ocrx_word' id='word_1_48' title='bbox 1256 1501 1376 1598; x_wconf 89' lang='lat' dir='ltr'>prima</span> 
     </span>
     <span class='ocr_line' id='line_1_8' title="bbox 245 1622 1374 1720; baseline -0.004 -22"><span class='ocrx_word' id='word_1_49' title='bbox 245 1624 379 1698; x_wconf 88' lang='lat' dir='ltr'>saltem</span> <span class='ocrx_word' id='word_1_50' title='bbox 394 1649 522 1697; x_wconf 88' lang='lat' dir='ltr'>eorum</span> <span class='ocrx_word' id='word_1_51' title='bbox 533 1623 669 1719; x_wconf 87' lang='lat' dir='ltr'>scripta</span> <span class='ocrx_word' id='word_1_52' title='bbox 679 1622 934 1719; x_wconf 89' lang='lat' dir='ltr'>antiquissima</span> <span class='ocrx_word' id='word_1_53' title='bbox 943 1623 1092 1696; x_wconf 88' lang='lat' dir='ltr'>ducunt.</span> <span class='ocrx_word' id='word_1_54' title='bbox 1111 1623 1151 1695; x_wconf 91' lang='lat' dir='ltr'>In</span> <span class='ocrx_word' id='word_1_55' title='bbox 1163 1648 1238 1720; x_wconf 92' lang='lat' dir='ltr'>quo</span> <span class='ocrx_word' id='word_1_56' title='bbox 1248 1638 1374 1695; x_wconf 85' lang='lat' dir='ltr'>tamen</span> 
     </span>
     <span class='ocr_line' id='line_1_9' title="bbox 245 1744 1376 1841; baseline -0.003 -21"><span class='ocrx_word' id='word_1_57' title='bbox 245 1747 452 1820; x_wconf 88' lang='lat' dir='ltr'>notandum</span> <span class='ocrx_word' id='word_1_58' title='bbox 485 1760 553 1834; x_wconf 86' lang='lat' dir='ltr'>est,</span> <span class='ocrx_word' id='word_1_59' title='bbox 588 1744 623 1816; x_wconf 90' lang='lat' dir='ltr'>in</span> <span class='ocrx_word' id='word_1_60' title='bbox 659 1744 869 1817; x_wconf 87' lang='lat' dir='ltr'>universum</span> <span class='ocrx_word' id='word_1_61' title='bbox 903 1745 1173 1818; x_wconf 90' lang='lat' dir='ltr'>recentissimos</span> <span class='ocrx_word' id='word_1_62' title='bbox 1206 1768 1376 1841; x_wconf 90' lang='lat' dir='ltr'>quosque</span> 
     </span>
     <span class='ocr_line' id='line_1_10' title="bbox 244 1864 1399 1967; baseline -0.003 -26"><span class='ocrx_word' id='word_1_63' title='bbox 244 1869 344 1941; x_wconf 90' lang='lat' dir='ltr'>viros</span> <span class='ocrx_word' id='word_1_64' title='bbox 372 1868 503 1940; x_wconf 92' lang='lat' dir='ltr'>doctos</span> <span class='ocrx_word' id='word_1_65' title='bbox 530 1866 565 1939; x_wconf 94' lang='lat' dir='ltr'>in</span> <span class='ocrx_word' id='word_1_66' title='bbox 595 1892 641 1939; x_wconf 86' lang='lat' dir='ltr'>ea</span> <span class='ocrx_word' id='word_1_67' title='bbox 668 1890 751 1939; x_wconf 91' lang='lat' dir='ltr'>esse</span> <span class='ocrx_word' id='word_1_68' title='bbox 779 1866 975 1957; x_wconf 83' lang='lat' dir='ltr'>sententia,</span> <span class='ocrx_word' id='word_1_69' title='bbox 1005 1883 1046 1940; x_wconf 89' lang='lat' dir='ltr'>ut</span> <span class='ocrx_word' id='word_1_70' title='bbox 1068 1867 1118 1939; x_wconf 91' lang='lat' dir='ltr'>ad</span> <span class='ocrx_word' id='word_1_71' title='bbox 1141 1864 1399 1967; x_wconf 44' lang='lat' dir='ltr'>prae-Socra&lt;</span> 
     </span>
     <span class='ocr_line' id='line_1_11' title="bbox 244 1985 1376 2085; baseline -0.004 -22"><span class='ocrx_word' id='word_1_72' title='bbox 244 1990 356 2063; x_wconf 82' lang='lat' dir='ltr'>ticam</span> <span class='ocrx_word' id='word_1_73' title='bbox 390 1987 664 2085; x_wconf 90' lang='lat' dir='ltr'>philosophiam</span> <span class='ocrx_word' id='word_1_74' title='bbox 699 1985 989 2084; x_wconf 86' lang='lat' dir='ltr'>intellegendam</span> <span class='ocrx_word' id='word_1_75' title='bbox 1025 1986 1220 2084; x_wconf 88' lang='lat' dir='ltr'>plurimum</span> <span class='ocrx_word' id='word_1_76' title='bbox 1250 1986 1376 2060; x_wconf 88' lang='lat' dir='ltr'>valere</span> 
     </span>
     <span class='ocr_line' id='line_1_12' title="bbox 244 2106 1336 2207; baseline -0.005 -22"><span class='ocrx_word' id='word_1_77' title='bbox 244 2111 454 2185; x_wconf 89' lang='lat' dir='ltr'>existiment</span> <span class='ocrx_word' id='word_1_78' title='bbox 481 2109 729 2206; x_wconf 90' lang='lat' dir='ltr'>Orphicorum</span> <span class='ocrx_word' id='word_1_79' title='bbox 757 2109 1007 2182; x_wconf 87' lang='lat' dir='ltr'>doctrinarum</span> <span class='ocrx_word' id='word_1_80' title='bbox 1035 2106 1336 2207; x_wconf 72' lang='lat' dir='ltr'>cognitionem.²)</span> 
     </span>
    </p>
   </div>
   <div class='ocr_carea' id='block_1_3' title="bbox 247 2353 1383 3916">
    <p class='ocr_par' dir='ltr' id='par_1_3' title="bbox 247 2353 1378 2818">
     <span class='ocr_line' id='line_1_13' title="bbox 303 2353 1376 2453; baseline -0.001 -25"><span class='ocrx_word' id='word_1_81' title='bbox 303 2380 336 2430; x_wconf 84' lang='lat'>2.</span> <span class='ocrx_word' id='word_1_82' title='bbox 368 2356 423 2446; x_wconf 89' lang='lat' dir='ltr'>Ei,</span> <span class='ocrx_word' id='word_1_83' title='bbox 454 2355 515 2453; x_wconf 92' lang='lat' dir='ltr'>qui</span> <span class='ocrx_word' id='word_1_84' title='bbox 539 2355 628 2450; x_wconf 92' lang='lat' dir='ltr'>quid</span> <span class='ocrx_word' id='word_1_85' title='bbox 651 2355 699 2427; x_wconf 89' lang='lat' dir='ltr'>de</span> <span class='ocrx_word' id='word_1_86' title='bbox 723 2353 955 2451; x_wconf 91' lang='lat' dir='ltr'>Orphicis</span> <span class='ocrx_word' id='word_1_87' title='bbox 977 2354 1112 2428; x_wconf 88' lang='lat' dir='ltr'>sentiat</span> <span class='ocrx_word' id='word_1_88' title='bbox 1136 2354 1262 2427; x_wconf 68' lang='lat' dir='ltr'>Porro</span> <span class='ocrx_word' id='word_1_89' title='bbox 1284 2353 1376 2427; x_wconf 85' lang='lat' dir='ltr'>scire</span> 
     </span>
     <span class='ocr_line' id='line_1_14' title="bbox 247 2475 1377 2574; baseline -0.003 -24"><span class='ocrx_word' id='word_1_90' title='bbox 247 2477 360 2574; x_wconf 88' lang='lat' dir='ltr'>cupit,</span> <span class='ocrx_word' id='word_1_91' title='bbox 385 2503 467 2551; x_wconf 89' lang='lat' dir='ltr'>cum</span> <span class='ocrx_word' id='word_1_92' title='bbox 493 2476 695 2574; x_wconf 81' lang='lat' dir='ltr'>certissima</span> <span class='ocrx_word' id='word_1_93' title='bbox 720 2500 892 2572; x_wconf 91' lang='lat' dir='ltr'>quaeque</span> <span class='ocrx_word' id='word_1_94' title='bbox 916 2475 1159 2549; x_wconf 80' lang='lat' dir='ltr'>fundamento</span> <span class='ocrx_word' id='word_1_95' title='bbox 1174 2500 1256 2548; x_wconf 88' lang='lat' dir='ltr'>esse</span> <span class='ocrx_word' id='word_1_96' title='bbox 1270 2499 1377 2572; x_wconf 91' lang='lat' dir='ltr'>opor-</span> 
     </span>
     <span class='ocr_line' id='line_1_15' title="bbox 248 2596 1378 2694; baseline -0.003 -21"><span class='ocrx_word' id='word_1_97' title='bbox 248 2597 377 2694; x_wconf 80' lang='lat' dir='ltr'>teat‚&#39;)</span> <span class='ocrx_word' id='word_1_98' title='bbox 399 2601 449 2673; x_wconf 87' lang='lat' dir='ltr'>ab</span> <span class='ocrx_word' id='word_1_99' title='bbox 472 2599 514 2672; x_wconf 94' lang='lat' dir='ltr'>iis</span> <span class='ocrx_word' id='word_1_100' title='bbox 537 2596 626 2671; x_wconf 87' lang='lat' dir='ltr'>locis</span> <span class='ocrx_word' id='word_1_101' title='bbox 650 2596 958 2694; x_wconf 86' lang='lat' dir='ltr'>proficiscendum</span> <span class='ocrx_word' id='word_1_102' title='bbox 979 2614 1048 2688; x_wconf 87' lang='lat' dir='ltr'>est,</span> <span class='ocrx_word' id='word_1_103' title='bbox 1074 2598 1207 2694; x_wconf 87' lang='lat' dir='ltr'>quibus</span> <span class='ocrx_word' id='word_1_104' title='bbox 1221 2596 1282 2672; x_wconf 85' lang='lat' dir='ltr'>vei</span> <span class='ocrx_word' id='word_1_105' title='bbox 1301 2596 1378 2670; x_wconf 89' lang='lat' dir='ltr'>Or·</span> 
     </span>
     <span class='ocr_line' id='line_1_16' title="bbox 249 2718 1377 2818; baseline -0.003 -24"><span class='ocrx_word' id='word_1_106' title='bbox 249 2721 394 2818; x_wconf 90' lang='lat' dir='ltr'>pheus</span> <span class='ocrx_word' id='word_1_107' title='bbox 407 2719 469 2795; x_wconf 88' lang='lat' dir='ltr'>vei</span> <span class='ocrx_word' id='word_1_108' title='bbox 485 2719 548 2793; x_wconf 91' lang='lat' dir='ltr'>Or</span> <span class='ocrx_word' id='word_1_109' title='bbox 555 2718 676 2818; x_wconf 88' lang='lat' dir='ltr'>phici</span> <span class='ocrx_word' id='word_1_110' title='bbox 696 2719 848 2793; x_wconf 90' lang='lat' dir='ltr'>nomine</span> <span class='ocrx_word' id='word_1_111' title='bbox 858 2719 1071 2795; x_wconf 80' lang='lat' dir='ltr'>afferuntur.</span> <span class='ocrx_word' id='word_1_112' title='bbox 1088 2719 1183 2794; x_wconf 87' lang='lat' dir='ltr'>Sunt</span> <span class='ocrx_word' id='word_1_113' title='bbox 1192 2736 1318 2794; x_wconf 86' lang='lat' dir='ltr'>autem</span> <span class='ocrx_word' id='word_1_114' title='bbox 1329 2718 1377 2792; x_wconf 92' lang='lat' dir='ltr'>hi:</span> 
     </span>
    </p>

    <p class='ocr_par' dir='ltr' id='par_1_4' title="bbox 247 2838 1383 3916">
     <span class='ocr_line' id='line_1_17' title="bbox 304 2838 1381 2947; baseline 0.002 -31"><span class='ocrx_word' id='word_1_115' title='bbox 304 2843 475 2941; x_wconf 87' lang='lat' dir='ltr'>Sympos.</span> <span class='ocrx_word' id='word_1_116' title='bbox 522 2865 592 2937; x_wconf 88' lang='lat'>179</span> <span class='ocrx_word' id='word_1_117' title='bbox 609 2842 664 2914; x_wconf 93' lang='lat' dir='ltr'>D:</span> <span class='ocrx_word' id='word_1_118' title='bbox 702 2838 819 2946; x_wconf 76' lang='grc' dir='ltr'>Ὀρφέα</span> <span class='ocrx_word' id='word_1_119' title='bbox 853 2841 889 2919; x_wconf 77' lang='grc' dir='ltr'>δὲ</span> <span class='ocrx_word' id='word_1_120' title='bbox 923 2842 978 2919; x_wconf 75' lang='grc' dir='ltr'>τὸν</span> <span class='ocrx_word' id='word_1_121' title='bbox 1006 2845 1148 2947; x_wconf 75' lang='grc' dir='ltr'><em>Οἰάγρου</em></span> <span class='ocrx_word' id='word_1_122' title='bbox 1177 2842 1275 2927; x_wconf 80' lang='grc' dir='ltr'><em>σῖτελῆ</em></span> <span class='ocrx_word' id='word_1_123' title='bbox 1303 2840 1381 2919; x_wconf 85' lang='grc' dir='ltr'>σῖπέ·</span> 
     </span>
     <span class='ocr_line' id='line_1_18' title="bbox 250 2958 1380 3070; baseline -0.004 -27"><span class='ocrx_word' id='word_1_124' title='bbox 250 2980 382 3070; x_wconf 74' lang='grc' dir='ltr'>πέμψαν</span> <span class='ocrx_word' id='word_1_125' title='bbox 424 2969 458 3057; x_wconf 82' lang='grc' dir='ltr'>ἐξ</span> <span class='ocrx_word' id='word_1_126' title='bbox 490 2961 617 3067; x_wconf 68' lang='grc' dir='ltr'>Ἄνθον,</span> <span class='ocrx_word' id='word_1_127' title='bbox 652 2961 770 3067; x_wconf 70' lang='grc' dir='ltr'>φάσμα</span> <span class='ocrx_word' id='word_1_128' title='bbox 807 2967 967 3056; x_wconf 79' lang='grc' dir='ltr'>δειξαντες</span> <span class='ocrx_word' id='word_1_129' title='bbox 1003 2977 1060 3054; x_wconf 75' lang='grc' dir='ltr'>τῆς</span> <span class='ocrx_word' id='word_1_130' title='bbox 1086 2965 1241 3067; x_wconf 64' lang='grc' dir='ltr'>γυναικὸς</span> <span class='ocrx_word' id='word_1_131' title='bbox 1268 2959 1313 3065; x_wconf 79' lang='grc' dir='ltr'>ἐφ’</span> <span class='ocrx_word' id='word_1_132' title='bbox 1340 2958 1380 3047; x_wconf 61' lang='grc' dir='ltr'>ἓν</span> 
     </span>
     <span class='ocr_line' id='line_1_19' title="bbox 251 3079 1380 3187; baseline -0.003 -24"><span class='ocrx_word' id='word_1_133' title='bbox 251 3081 342 3177; x_wconf 68' lang='grc' dir='ltr'>ᾗκεν,</span> <span class='ocrx_word' id='word_1_134' title='bbox 381 3083 482 3171; x_wconf 72' lang='grc' dir='ltr'>αιίπὲν</span> <span class='ocrx_word' id='word_1_135' title='bbox 519 3084 556 3161; x_wconf 66' lang='lat' dir='ltr'>di</span> <span class='ocrx_word' id='word_1_136' title='bbox 592 3082 628 3162; x_wconf 75' lang='grc' dir='ltr'>σθ</span> <span class='ocrx_word' id='word_1_137' title='bbox 665 3086 787 3176; x_wconf 82' lang='grc' dir='ltr'>θέντες,</span> <span class='ocrx_word' id='word_1_138' title='bbox 820 3084 866 3161; x_wconf 73' lang='grc' dir='ltr'>ἔτι</span> <span class='ocrx_word' id='word_1_139' title='bbox 893 3090 1154 3187; x_wconf 79' lang='grc' dir='ltr'>μαλθακίζεσθαι</span> <span class='ocrx_word' id='word_1_140' title='bbox 1182 3086 1297 3174; x_wconf 84' lang='grc' dir='ltr'>έθέκει,</span> <span class='ocrx_word' id='word_1_141' title='bbox 1325 3079 1380 3161; x_wconf 80' lang='grc' dir='ltr'>ἅτε</span> 
     </span>
     <span class='ocr_line' id='line_1_20' title="bbox 252 3202 1379 3311; baseline -0.001 -27"><span class='ocrx_word' id='word_1_142' title='bbox 252 3210 296 3285; x_wconf 72' lang='grc' dir='ltr'>ὢν</span> <span class='ocrx_word' id='word_1_143' title='bbox 335 3207 526 3311; x_wconf 68' lang='grc' dir='ltr'>κιθαμμδές,</span> <span class='ocrx_word' id='word_1_144' title='bbox 565 3214 621 3284; x_wconf 85' lang='grc' dir='ltr'>καὶ</span> <span class='ocrx_word' id='word_1_145' title='bbox 658 3202 695 3282; x_wconf 82' lang='grc' dir='ltr'>αἰ</span> <span class='ocrx_word' id='word_1_146' title='bbox 721 3213 847 3309; x_wconf 79' lang='grc' dir='ltr'>τολμᾶν</span> <span class='ocrx_word' id='word_1_147' title='bbox 876 3202 971 3283; x_wconf 82' lang='grc' dir='ltr'>ἕνεκα</span> <span class='ocrx_word' id='word_1_148' title='bbox 998 3214 1053 3282; x_wconf 81' lang='grc' dir='ltr'>τσῦ</span> <span class='ocrx_word' id='word_1_149' title='bbox 1082 3203 1193 3310; x_wconf 84' lang='grc' dir='ltr'>έρωτσς</span> <span class='ocrx_word' id='word_1_150' title='bbox 1220 3204 1379 3311; x_wconf 70' lang='grc' dir='ltr'>σῖπσθνῄσ·</span> 
     </span>
     <span class='ocr_line' id='line_1_21' title="bbox 253 3323 1381 3432; baseline -0.003 -25"><span class='ocrx_word' id='word_1_151' title='bbox 253 3362 319 3407; x_wconf 84' lang='grc' dir='ltr'>κιιν</span> <span class='ocrx_word' id='word_1_152' title='bbox 347 3328 448 3432; x_wconf 78' lang='grc' dir='ltr'>ὥσπερ</span> <span class='ocrx_word' id='word_1_153' title='bbox 470 3324 658 3419; x_wconf 82' lang='grc' dir='ltr'>Ἀλκηστις,</span> <span class='ocrx_word' id='word_1_154' title='bbox 688 3323 776 3404; x_wconf 79' lang='grc' dir='ltr'>αλλθι</span> <span class='ocrx_word' id='word_1_155' title='bbox 806 3330 1081 3431; x_wconf 80' lang='grc' dir='ltr'>διαμηχανᾶσθαι</span> <span class='ocrx_word' id='word_1_156' title='bbox 1106 3340 1168 3422; x_wconf 84' lang='grc' dir='ltr'>ζων</span> <span class='ocrx_word' id='word_1_157' title='bbox 1191 3332 1316 3406; x_wconf 80' lang='grc' dir='ltr'>εἰσιέναι</span> <span class='ocrx_word' id='word_1_158' title='bbox 1339 3333 1381 3420; x_wconf 83' lang='grc' dir='ltr'>εἰς</span> 
     </span>
     <span class='ocr_line' id='line_1_22' title="bbox 247 3444 1383 3553; baseline -0.002 -25"><span class='ocrx_word' id='word_1_159' title='bbox 247 3449 373 3530; x_wconf 70' lang='grc' dir='ltr'>Ἃιδου.</span> <span class='ocrx_word' id='word_1_160' title='bbox 401 3455 559 3553; x_wconf 70' lang='grc' dir='ltr'>τοιγάρτοι</span> <span class='ocrx_word' id='word_1_161' title='bbox 585 3444 642 3527; x_wconf 78' lang='grc' dir='ltr'>θιᾶ</span> <span class='ocrx_word' id='word_1_162' title='bbox 664 3457 769 3527; x_wconf 80' lang='grc' dir='ltr'>ταῦτα</span> <span class='ocrx_word' id='word_1_163' title='bbox 791 3452 887 3538; x_wconf 77' lang='grc' dir='ltr'>δίκην</span> <span class='ocrx_word' id='word_1_164' title='bbox 911 3446 996 3553; x_wconf 82' lang='grc' dir='ltr'>αιἰτῳ</span> <span class='ocrx_word' id='word_1_165' title='bbox 1018 3451 1179 3552; x_wconf 81' lang='grc' dir='ltr'>ἐπέθεσαν,</span> <span class='ocrx_word' id='word_1_166' title='bbox 1202 3456 1258 3526; x_wconf 83' lang='grc' dir='ltr'>καὶ</span> <span class='ocrx_word' id='word_1_167' title='bbox 1277 3452 1383 3539; x_wconf 75' lang='grc' dir='ltr'>ἐποίη-</span> 
     </span>
     <span class='ocr_line' id='line_1_23' title="bbox 251 3567 1382 3674; baseline -0.003 -23"><span class='ocrx_word' id='word_1_168' title='bbox 251 3604 315 3651; x_wconf 93' lang='grc' dir='ltr'>σαν</span> <span class='ocrx_word' id='word_1_169' title='bbox 351 3573 406 3648; x_wconf 76' lang='grc' dir='ltr'>τὸν</span> <span class='ocrx_word' id='word_1_170' title='bbox 439 3572 578 3648; x_wconf 75' lang='grc' dir='ltr'>θάνατον</span> <span class='ocrx_word' id='word_1_171' title='bbox 605 3567 704 3647; x_wconf 74' lang='grc' dir='ltr'>αὑτοῦ</span> <span class='ocrx_word' id='word_1_172' title='bbox 730 3571 790 3647; x_wconf 69' lang='grc' dir='ltr'>ὑπὸ</span> <span class='ocrx_word' id='word_1_173' title='bbox 817 3601 982 3673; x_wconf 78' lang='grc' dir='ltr'>γνναικων</span> <span class='ocrx_word' id='word_1_174' title='bbox 1008 3570 1169 3673; x_wconf 75' lang='grc' dir='ltr'>γενέσθαι,</span> <span class='ocrx_word' id='word_1_175' title='bbox 1191 3567 1255 3674; x_wconf 82' lang='grc' dir='ltr'>αἰχ</span> <span class='ocrx_word' id='word_1_176' title='bbox 1282 3569 1382 3674; x_wconf 77' lang='grc' dir='ltr'>ὥσπερ</span> 
     </span>
     <span class='ocr_line' id='line_1_24' title="bbox 254 3691 1382 3797; baseline -0.002 -26"><span class='ocrx_word' id='word_1_177' title='bbox 254 3691 409 3797; x_wconf 83' lang='grc' dir='ltr'>Ἀχιλλέα</span> <span class='ocrx_word' id='word_1_178' title='bbox 446 3693 500 3768; x_wconf 71' lang='grc' dir='ltr'>τὰν</span> <span class='ocrx_word' id='word_1_179' title='bbox 535 3705 593 3783; x_wconf 76' lang='grc' dir='ltr'>τῆς</span> <span class='ocrx_word' id='word_1_180' title='bbox 630 3691 765 3783; x_wconf 80' lang='grc' dir='ltr'>Θέτιδος</span> <span class='ocrx_word' id='word_1_181' title='bbox 795 3695 864 3770; x_wconf 74' lang='grc' dir='ltr'>νὶθν</span> <span class='ocrx_word' id='word_1_182' title='bbox 892 3693 1047 3793; x_wconf 84' lang='grc' dir='ltr'>ἐτίμησαν</span> <span class='ocrx_word' id='word_1_183' title='bbox 1074 3699 1131 3769; x_wconf 82' lang='grc' dir='ltr'>καί</span> <span class='ocrx_word' id='word_1_184' title='bbox 1158 3698 1200 3783; x_wconf 86' lang='grc' dir='ltr'>εἰς</span> <span class='ocrx_word' id='word_1_185' title='bbox 1221 3692 1382 3797; x_wconf 76' lang='grc' dir='ltr'>μακάρων</span> 
     </span>
     <span class='ocr_line' id='line_1_25' title="bbox 252 3812 720 3916; baseline -0.006 -25"><span class='ocrx_word' id='word_1_186' title='bbox 252 3817 373 3905; x_wconf 73' lang='grc' dir='ltr'>νέσσνς</span> <span class='ocrx_word' id='word_1_187' title='bbox 401 3812 591 3916; x_wconf 67' lang='grc' dir='ltr'>ἀπέπεμψαν</span> <span class='ocrx_word' id='word_1_188' title='bbox 621 3819 720 3889; x_wconf 89' lang='grc' dir='ltr'>κ.τ.λ.</span> 
     </span>
    </p>
   </div>
   <div class='ocr_carea' id='block_1_4' title="bbox 256 4110 1387 4700">
    <p class='ocr_par' dir='ltr' id='par_1_5' title="bbox 258 4110 1384 4267">
     <span class='ocr_line' id='line_1_26' title="bbox 302 4110 1384 4183; baseline 0.001 -16"><span class='ocrx_word' id='word_1_189' title='bbox 302 4116 386 4183; x_wconf 83' lang='lat' dir='ltr'>1)Cs.</span> <span class='ocrx_word' id='word_1_190' title='bbox 412 4115 571 4165; x_wconf 73' lang='lat' dir='ltr'>Smnmm</span> <span class='ocrx_word' id='word_1_191' title='bbox 588 4114 641 4165; x_wconf 88' lang='lat' dir='ltr'>o.l.</span> <span class='ocrx_word' id='word_1_192' title='bbox 660 4130 721 4180; x_wconf 77' lang='lat' dir='ltr'><strong>pag.</strong></span> <span class='ocrx_word' id='word_1_193' title='bbox 740 4110 788 4178; x_wconf 85' lang='lat'>96:</span> <span class='ocrx_word' id='word_1_194' title='bbox 809 4130 940 4178; x_wconf 71' lang='grc' dir='ltr'>1,...νοιι</span> <span class='ocrx_word' id='word_1_195' title='bbox 960 4113 1111 4180; x_wconf 86' lang='lat' dir='ltr'>Orphikem</span> <span class='ocrx_word' id='word_1_196' title='bbox 1128 4116 1183 4166; x_wconf 86' lang='lat' dir='ltr'>und</span> <span class='ocrx_word' id='word_1_197' title='bbox 1202 4118 1302 4168; x_wconf 82' lang='lat' dir='ltr'>Leuten</span> <span class='ocrx_word' id='word_1_198' title='bbox 1320 4119 1384 4168; x_wconf 72' lang='lat' dir='ltr'>shn-</span> 
     </span>
     <span class='ocr_line' id='line_1_27' title="bbox 258 4199 979 4267; baseline -0.007 -13"><span class='ocrx_word' id='word_1_199' title='bbox 258 4204 346 4254; x_wconf 84' lang='lat' dir='ltr'>iichen</span> <span class='ocrx_word' id='word_1_200' title='bbox 365 4202 520 4267; x_wconf 82' lang='lat' dir='ltr'>Gelichters‚</span> <span class='ocrx_word' id='word_1_201' title='bbox 539 4201 721 4251; x_wconf 77' lang='lat' dir='ltr'>Hemkliteem</span> <span class='ocrx_word' id='word_1_202' title='bbox 739 4200 794 4250; x_wconf 83' lang='lat' dir='ltr'>uod</span> <span class='ocrx_word' id='word_1_203' title='bbox 811 4199 979 4266; x_wconf 84' lang='lat' dir='ltr'>Sophisteo.”</span> 
     </span>
    </p>

    <p class='ocr_par' dir='ltr' id='par_1_6' title="bbox 256 4286 1387 4700">
     <span class='ocr_line' id='line_1_28' title="bbox 300 4286 1386 4357; baseline 0.001 -17"><span class='ocrx_word' id='word_1_204' title='bbox 300 4289 329 4357; x_wconf 89' lang='lat'>2)</span> <span class='ocrx_word' id='word_1_205' title='bbox 347 4289 388 4340; x_wconf 81' lang='lat' dir='ltr'>Cf.</span> <span class='ocrx_word' id='word_1_206' title='bbox 414 4290 526 4338; x_wconf 75' lang='lat' dir='ltr'>Mmru</span> <span class='ocrx_word' id='word_1_207' title='bbox 551 4289 638 4354; x_wconf 78' lang='lat' dir='ltr'>verba,</span> <span class='ocrx_word' id='word_1_208' title='bbox 662 4303 741 4352; x_wconf 78' lang='lat' dir='ltr'>supra</span> <span class='ocrx_word' id='word_1_209' title='bbox 758 4287 809 4336; x_wconf 72' lang='lat' dir='ltr'>iam</span> <span class='ocrx_word' id='word_1_210' title='bbox 828 4286 941 4353; x_wconf 74' lang='lat' dir='ltr'>laudata,</span> <span class='ocrx_word' id='word_1_211' title='bbox 959 4302 1013 4338; x_wconf 87' lang='lat' dir='ltr'>o.c.</span> <span class='ocrx_word' id='word_1_212' title='bbox 1033 4303 1092 4353; x_wconf 72' lang='lat' dir='ltr'><strong>pag.</strong></span> <span class='ocrx_word' id='word_1_213' title='bbox 1113 4299 1176 4354; x_wconf 80' lang='lat'>752:</span> <span class='ocrx_word' id='word_1_214' title='bbox 1198 4291 1283 4355; x_wconf 80' lang='lat' dir='ltr'>„Dem</span> <span class='ocrx_word' id='word_1_215' title='bbox 1302 4291 1386 4341; x_wconf 74' lang='lat' dir='ltr'>Paral-</span> 
     </span>
     <span class='ocr_line' id='line_1_29' title="bbox 257 4373 1386 4440; baseline 0.001 -15"><span class='ocrx_word' id='word_1_216' title='bbox 257 4375 372 4425; x_wconf 84' lang='lat' dir='ltr'>leiismus</span> <span class='ocrx_word' id='word_1_217' title='bbox 391 4374 519 4424; x_wconf 82' lang='lat' dir='ltr'>zwischen</span> <span class='ocrx_word' id='word_1_218' title='bbox 539 4373 643 4440; x_wconf 83' lang='lat' dir='ltr'>Orphik</span> <span class='ocrx_word' id='word_1_219' title='bbox 657 4374 712 4423; x_wconf 83' lang='lat' dir='ltr'>und</span> <span class='ocrx_word' id='word_1_220' title='bbox 728 4373 896 4438; x_wconf 85' lang='lat' dir='ltr'>Philosophie</span> <span class='ocrx_word' id='word_1_221' title='bbox 912 4374 945 4422; x_wconf 87' lang='lat' dir='ltr'>ist</span> <span class='ocrx_word' id='word_1_222' title='bbox 960 4389 1021 4423; x_wconf 79' lang='lat' dir='ltr'>mon</span> <span class='ocrx_word' id='word_1_223' title='bbox 1036 4383 1087 4424; x_wconf 85' lang='lat' dir='ltr'>erst</span> <span class='ocrx_word' id='word_1_224' title='bbox 1103 4376 1132 4425; x_wconf 86' lang='lat' dir='ltr'>in</span> <span class='ocrx_word' id='word_1_225' title='bbox 1140 4377 1231 4426; x_wconf 83' lang='lat' dir='ltr'>letzter</span> <span class='ocrx_word' id='word_1_226' title='bbox 1240 4378 1296 4427; x_wconf 84' lang='lat' dir='ltr'>Zeit</span> <span class='ocrx_word' id='word_1_227' title='bbox 1305 4378 1386 4428; x_wconf 63' lang='lat' dir='ltr'>nither</span> 
     </span>
     <span class='ocr_line' id='line_1_30' title="bbox 257 4459 1387 4529; baseline 0.002 -17"><span class='ocrx_word' id='word_1_228' title='bbox 257 4468 373 4529; x_wconf 82' lang='lat' dir='ltr'>getreten</span> <span class='ocrx_word' id='word_1_229' title='bbox 385 4498 391 4511; x_wconf 88' lang='lat'><strong>.</strong></span> <span class='ocrx_word' id='word_1_230' title='bbox 403 4500 409 4513; x_wconf 91' lang='lat'><strong>.</strong></span> <span class='ocrx_word' id='word_1_231' title='bbox 421 4498 426 4510; x_wconf 95' lang='lat'>.</span> <span class='ocrx_word' id='word_1_232' title='bbox 437 4460 462 4527; x_wconf 81' lang='lat'>‚&#39;‘</span> <span class='ocrx_word' id='word_1_233' title='bbox 482 4477 559 4526; x_wconf 82' lang='lat' dir='ltr'><strong>pagg.</strong></span> <span class='ocrx_word' id='word_1_234' title='bbox 581 4471 629 4525; x_wconf 83' lang='lat'>735</span> <span class='ocrx_word' id='word_1_235' title='bbox 650 4475 725 4526; x_wconf 88' lang='lat' dir='ltr'>sqq.:</span> <span class='ocrx_word' id='word_1_236' title='bbox 746 4462 793 4524; x_wconf 75' lang='lat' dir='ltr'>„ln</span> <span class='ocrx_word' id='word_1_237' title='bbox 813 4459 997 4510; x_wconf 84' lang='lat' dir='ltr'>Wirklichkeit</span> <span class='ocrx_word' id='word_1_238' title='bbox 1015 4461 1049 4511; x_wconf 87' lang='lat' dir='ltr'>ist</span> <span class='ocrx_word' id='word_1_239' title='bbox 1067 4463 1136 4512; x_wconf 86' lang='lat' dir='ltr'>ohne</span> <span class='ocrx_word' id='word_1_240' title='bbox 1154 4463 1264 4529; x_wconf 65' lang='lat' dir='ltr'>gichtige</span> <span class='ocrx_word' id='word_1_241' title='bbox 1284 4465 1387 4514; x_wconf 79' lang='lat' dir='ltr'>wordi-</span> 
     </span>
     <span class='ocr_line' id='line_1_31' title="bbox 257 4545 1386 4614; baseline 0.001 -15"><span class='ocrx_word' id='word_1_242' title='bbox 257 4564 329 4614; x_wconf 82' lang='lat' dir='ltr'>gung</span> <span class='ocrx_word' id='word_1_243' title='bbox 353 4549 398 4598; x_wconf 85' lang='lat' dir='ltr'>der</span> <span class='ocrx_word' id='word_1_244' title='bbox 423 4547 526 4612; x_wconf 85' lang='lat' dir='ltr'>Orphik</span> <span class='ocrx_word' id='word_1_245' title='bbox 550 4547 592 4596; x_wconf 89' lang='lat' dir='ltr'>die</span> <span class='ocrx_word' id='word_1_246' title='bbox 610 4546 771 4611; x_wconf 84' lang='lat' dir='ltr'>griechische</span> <span class='ocrx_word' id='word_1_247' title='bbox 790 4545 991 4613; x_wconf 84' lang='lat' dir='ltr'>Entwickelung</span> <span class='ocrx_word' id='word_1_248' title='bbox 1009 4547 1055 4597; x_wconf 86' lang='lat' dir='ltr'>des</span> <span class='ocrx_word' id='word_1_249' title='bbox 1074 4548 1192 4599; x_wconf 87' lang='lat' dir='ltr'>sechsten</span> <span class='ocrx_word' id='word_1_250' title='bbox 1210 4551 1265 4600; x_wconf 89' lang='lat' dir='ltr'>und</span> <span class='ocrx_word' id='word_1_251' title='bbox 1284 4550 1386 4601; x_wconf 74' lang='lat' dir='ltr'>fdnsten</span> 
     </span>
     <span class='ocr_line' id='line_1_32' title="bbox 256 4633 1334 4700; baseline 0.004 -16"><span class='ocrx_word' id='word_1_252' title='bbox 256 4634 453 4699; x_wconf 77' lang='lat' dir='ltr'>Jrhrhunderts‚</span> <span class='ocrx_word' id='word_1_253' title='bbox 472 4634 631 4684; x_wconf 83' lang='lat' dir='ltr'>nomentlich</span> <span class='ocrx_word' id='word_1_254' title='bbox 646 4635 688 4684; x_wconf 85' lang='lat' dir='ltr'>die</span> <span class='ocrx_word' id='word_1_255' title='bbox 707 4634 753 4683; x_wconf 87' lang='lat' dir='ltr'>der</span> <span class='ocrx_word' id='word_1_256' title='bbox 770 4633 949 4699; x_wconf 81' lang='lat' dir='ltr'>Philosophie,</span> <span class='ocrx_word' id='word_1_257' title='bbox 968 4651 1013 4700; x_wconf 80' lang='lat' dir='ltr'>gar</span> <span class='ocrx_word' id='word_1_258' title='bbox 1032 4636 1103 4685; x_wconf 86' lang='lat' dir='ltr'>nicht</span> <span class='ocrx_word' id='word_1_259' title='bbox 1121 4653 1152 4686; x_wconf 85' lang='lat' dir='ltr'>zu</span> <span class='ocrx_word' id='word_1_260' title='bbox 1170 4636 1334 4688; x_wconf 82' lang='lat' dir='ltr'>verstehen.‘&#39;</span> 
     </span>
    </p>
   </div>
   <div class='ocr_carea' id='block_1_5' title="bbox 302 4720 532 4788">
    <p class='ocr_par' dir='ltr' id='par_1_7' title="bbox 302 4720 532 4788">
     <span class='ocr_line' id='line_1_33' title="bbox 302 4720 532 4788; baseline 0 -4"><span class='ocrx_word' id='word_1_261' title='bbox 302 4720 532 4788; x_wconf 52' lang='lat' dir='ltr'>mmmm</span> 
     </span>
    </p>
   </div>
   <div class='ocr_carea' id='block_1_6' title="bbox 0 0 1867 5575">
    <p class='ocr_par' dir='ltr' id='par_1_8' title="bbox 0 0 1867 5575">
     <span class='ocr_line' id='line_1_34' title="bbox 0 0 1867 5575; baseline 0 0"><span class='ocrx_word' id='word_1_262' title='bbox 0 0 1867 5575; x_wconf 95' lang='lat' dir='ltr'> </span> 
     </span>
    </p>
   </div>
  </div>
 </body>
</html>
