3717 5575
815 676 865 745 49

275 847 335 951 μὲν
369 834 426 927 οὖν
463 848 545 952 τότε,
582 843 637 927 οῖτε
674 846 732 927 οὐκ
768 836 837 928 οὖσι
871 860 978 953 σοφοῖς
1013 849 1114 954 ὥσπερ
1148 849 1237 952 ὑμεῖς
1272 855 1302 927 οῖ
1328 850 1405 953 νέοι,

277 970 406 1077 οἷιιέχρη
442 971 539 1076 δρυὸς
576 980 632 1050 καῖ
663 971 781 1076 πέτρας
808 968 937 1050 οῖκοθειν
966 969 1177 1064 ὑπέθηθείοις,
1206 978 1242 1049 εῖ
1268 974 1405 1075 μόνον

277 1092 420 1183 οῖληθῆ
455 1096 649 1197 λέγοιεν·
687 1101 736 1174 σοὶ
770 1093 881 1187 δ’ἴσως
913 1095 1051 1200 διαφέρει
1084 1101 1130 1187 τίς
1163 1102 1181 1171 o‘
1212 1095 1315 1199 λέγων
1348 1099 1404 1174 καῖ

276 1216 434 1308 ποδαπός.
475 1214 511 1295 οὐ
552 1214 617 1322 γὰρ
657 1220 756 1295 ἐκεῖνο
796 1217 896 1320 μόνον
939 1228 1078 1310 σκοπεῖς,
1120 1227 1177 1296 εἴτε
1214 1214 1313 1311 οὕτως
1348 1228 1406 1296 εἴτε

278 1333 388 1431 ἄλλως
414 1336 534 1443 ἕχειςῙ)

332 1473 414 1539 oni.
443 1458 562 1566 Ὀρθῶς
590 1463 770 1557 ἐπέπληξας
798 1461 936 1562 κ.τ.λ.’)

333 1584 391 1657 Ex
419 1585 591 1659 omnibus
617 1587 673 1659 his
695 1586 800 1660 facile
821 1587 1049 1686 perspicitur,
1065 1588 1184 1686 ipsum
1200 1588 1420 1680 Pnnrortssn

279 1707 315 1779 in
339 1706 514 1803 operibus
536 1708 610 1781 suis
633 1707 853 1807 significare,
878 1709 1034 1784 aliorum
1058 1711 1324 1785 sententiarum
1349 1736 1408 1783 eo·

281 1829 449 1928 gnitione
485 1855 581 1927 opus
607 1857 701 1924 esse,
730 1848 768 1905 et
795 1832 833 1905 id
861 1833 1010 1930 quidem
1039 1850 1085 1907 ut
1111 1859 1264 1907 verum
1293 1834 1410 1906 inve-

280 1952 488 2050 stigetur.
516 1953 647 2052 ltaque
670 1955 783 2028 etiam
798 1954 1056 2053 philosophiae
1071 1956 1138 2030 rite
1153 1954 1333 2030 colendae
1348 1943 1409 2029 ness

281 2075 439 2148 cessaria
465 2091 522 2149 est
548 2074 611 2150 illa
638 2077 813 2175 cognitio,
846 2077 946 2151 Nam
974 2104 1057 2152 cum
1085 2104 1175 2152 vere
1197 2078 1410 2176 philosophi

281 2197 354 2270 sint
380 2197 415 2289 ii,
445 2198 506 2294 qui
530 2198 696 2272 veritatis
718 2199 946 2296 spectandae
970 2216 1055 2273 sunt
1069 2195 1241 2297 cupidi,³)
1256 2200 1305 2274 ad
1319 2201 1411 2273 veri-

281 2334 397 2393 tatem
411 2346 503 2395 vero
518 2321 706 2395 sciendam
720 2320 876 2396 aliorum
892 2322 1083 2396 doctrinae
1094 2323 1308 2420 cognitione
1319 2348 1413 2419 opus

281 2443 338 2534 sit,
363 2443 572 2517 necessario
595 2444 759 2540 sequitur
780 2460 821 2519 ut
834 2470 923 2519 vere
938 2443 1183 2542 philosophus
1197 2471 1322 2519 carere
1338 2470 1411 2518 non

283 2567 398 2663 possit
426 2565 582 2641 aliorum
610 2567 794 2641 doctrinis.

339 2837 372 2886 2.
402 2813 536 2908 Quod
573 2813 627 2887 ad
662 2813 933 2911 disputandi
961 2814 1079 2887 viam
1108 2830 1250 2911 atque
1279 2815 1413 2888 ratio·

286 2959 401 3027 nem,
437 2960 555 3033 quae
590 2937 632 3009 in
667 2936 979 3010 diiudicandis
1013 2936 1207 3010 aliorum
1238 2953 1414 3010 senten·

287 3057 365 3130 tiis
392 3058 452 3131 sit
479 3058 735 3156 sequenda,
778 3059 959 3156 optimum
992 3059 1175 3133 invenitur
1202 3057 1414 3155 exemplum

288 3178 477 3256 Phaedon.
491 3204 537 3275 95
556 3181 636 3254 DE
651 3206 746 3279 sqq,
757 3179 784 3279 4)
799 3206 875 3277 quo
885 3179 969 3255 loco
980 3181 1184 3273 Socmms,
1196 3182 1416 3255 refutaturus

289 3302 440 3376 Cebetis
476 3302 524 3377 de
561 3304 684 3377 anima
718 3329 856 3400 pravas
883 3304 1088 3401 opiniones,
1117 3304 1237 3402 primo
1266 3302 1417 3376 definite

288 3426 525 3500 statuendum
560 3451 642 3500 esse
677 3442 816 3517 censet,
852 3452 1038 3524 quaenam
1073 3427 1145 3499 sint
1176 3423 1316 3522 illae3⁵)
1344 3425 1416 3498 hoc

290 3595 447 3604 *nu-...-
456 3596 481 3603 ..-

334 3686 360 3755 1)
379 3687 506 3737 sirmia:
524 3687 591 3752 θχιι.

333 3774 361 3841 2)
379 3774 491 3825 Smm.
519 3774 552 3824 ad
579 3775 678 3825 locum:
707 3775 830 3839 „Leniter
857 3774 1001 3824 Phaedrum
1024 3777 1151 3840 increpat,
1178 3775 1250 3840 quod
1277 3775 1417 3825 narrationi

288 3863 412 3913 haetenus
438 3864 571 3928 expositae
599 3863 658 3913 ideo
685 3862 753 3912 nihil
781 3862 886 3929 tribuat,
911 3863 973 3927 quia
998 3879 1028 3913 ea
1052 3879 1083 3912 ex
1107 3864 1229 3928 Aegypto
1246 3864 1357 3928 repetita
1375 3864 1417 3912 sit.

289 3949 368 3999 Prisci
386 3949 425 3999 illi
444 3950 546 4015 Graeci,
564 3949 660 4015 inquit,
678 3949 720 3999 vel
740 3965 850 4015 quercus
867 3956 893 3998 et
909 3966 986 4014 rupes
1004 3950 1146 3999 audiendas
1162 3958 1295 4015 putarunt,
1309 3950 1418 3999 simodo

289 4051 349 4085 vera
372 4035 526 4103 proderent3
551 4045 579 4086 tu
604 4036 714 4101 curabis,
736 4052 789 4100 qua
811 4036 918 4085 natione
936 4035 978 4085 vel
997 4042 1074 4100 gente
1094 4036 1127 4086 sit
1146 4036 1270 4086 oriundus
1289 4036 1335 4102 qui
1355 4034 1419 4101 quid

288 4122 391 4188 dixerit,
409 4139 457 4172 nec
475 4122 543 4172 illud
561 4123 650 4188 potius
668 4122 824 4187 perpendes,
843 4138 903 4171 vere
921 4138 956 4171 an
974 4137 1048 4171 secus
1066 4122 1112 4172 ille
1131 4122 1315 4172 iudicaverit?”

334 4210 363 4278 3)
381 4208 421 4259 cf.
441 4208 555 4274 Republ.
574 4210 606 4257 V.
624 4218 675 4273 475
686 4208 724 4257 E:
742 4210 805 4268 Τοῖς
822 4207 850 4259 di
872 4208 1000 4269 ἀληθινούς
1020 4212 1203 4276 [Φιλοσόφονς],
1220 4209 1276 4273 ion,
1293 4212 1363 4268 τίνοις
1381 4208 1421 4258 λε’·

287 4311 356 4358 prm
373 4295 435 4352 Τοῖς
451 4295 499 4351 τῆς
515 4291 638 4350 ἀληθείας,
655 4289 682 4349 ἦν
700 4290 784 4355 δ’ἐγά,
802 4291 989 4354 φιλοθεάμοναι,

335 4381 453 4445 Sympos.
474 4392 525 4429 212
538 4380 572 4427 A:
591 4378 606 4437 ii
623 4377 667 4428 οθιι
684 4378 787 4440 θνθνμιῖ,
805 4376 861 4441 ’ἐφη
881 4378 921 4427 der
940 4375 1046 4428 ὶντοιῦθοι
1063 4378 1131 4443 αὐτῷ
1149 4381 1262 4440 μοναχοῦ
1278 4377 1420 4440 pertinerere,

288 4463 372 4525 δοῦντι
390 4458 408 4526 ᾧ
426 4462 513 4524 θροιτθν
529 4462 560 4510 τὸ
577 4463 661 4517 ιιιιλθν,
678 4461 773 4510 τίκτειν
791 4458 835 4510 oin
852 4458 944 4510 ἀθδοιλοι
960 4461 1058 4522 ἀρετῆς,
1074 4461 1121 4510 un
1139 4460 1183 4510 οὐκ
1197 4458 1299 4509 εἰδώλου
1314 4457 1424 4522 ἔφαπτο-

290 4546 361 4609 μένςι,
380 4544 441 4596 ἀλλ’
458 4543 546 4601 ἀληθῆ,
563 4543 622 4593 itm
638 4545 695 4592 τοῦ
714 4542 852 4601 ἀληθοῦς
871 4540 1102 4606 ἐφαπτομένῳ·
1121 4554 1196 4594 ιι,τ,λ.

335 4632 364 4701 4)
383 4632 422 4683 Ct'.
442 4637 574 4696 praeterea
592 4642 623 4692 91
637 4628 667 4679 C.

338 4723 365 4787 5)
383 4720 462 4783 95B:
484 4718 542 4769 'iore
565 4718 593 4769 δὲ
616 4718 645 4777 δὴ
662 4720 692 4769 τὸ
712 4717 847 4781 κιφάλιιιον
865 4713 896 4767 ἀν
914 4716 1067 4783 ζητοῖς....
1085 4717 1124 4764 D:
1142 4721 1241 4767 τοιαῦτ’
1260 4716 1329 4767 ἀττοι
1346 4716 1424 4776 ἐστὶν,

1289 4831 1306 4879 4
