3717 5575
1995 692 2137 764 154

937 863 1178 960 magis
1209 889 1436 960 quam
1467 863 1817 962 Orpheus
1845 866 1960 939 hic
1990 866 2089 940 ad
2119 863 2449 940 fabulam
2482 864 2849 962 pertineat
2878 890 3017 939 ηερ
3044 890 3193 939 car·

941 986 1135 1058 mina
1153 985 1232 1059 ·ei
1262 987 1634 1084 adscripta
1665 988 2043 1061 PLATONIS
2063 1003 2314 1062 aetate
2335 1003 2514 1060 nota
2536 984 2760 1059 fuisse
2778 986 3191 1077 videantur,

937 1108 1004 1180 in
1064 1107 1313 1182 fabula
1359 1125 1611 1183 autem
1661 1136 1808 1184 non
1860 1111 2100 1184 minus
2146 1109 2333 1183 illius
2362 1134 2590 1207 quam
2622 1107 2906 1206 Orphei
2935 1125 3195 1183 cantus

937 1228 1250 1305 dulcedo
1307 1229 1753 1306 laudaretur.

1046 1352 1261 1427 Haec
1320 1355 1569 1428 omnia
1624 1356 1683 1428 si
1740 1381 1921 1430 vera
1976 1372 2171 1447 sunt,
2231 1354 2518 1429 verba
2568 1354 2944 1427 PLA‘roms
2988 1353 3187 1458 μηδ’

937 1476 1037 1552 ἂν
1095 1480 1371 1561 ἡδίων
1429 1470 1471 1580 ᾗ
1528 1494 1686 1554 τῶν
1744 1475 2175 1582 Θαμύρου
2231 1510 2315 1554 τε
2376 1483 2524 1554 καὶ
2588 1474 2999 1582 Ὀρφείων
3055 1473 3191 1579 ὕμ-

937 1630 1142 1699 νων,
1201 1624 1383 1671 ηοη
1442 1600 1558 1673 ad
1615 1617 1890 1674 certa
1945 1601 2424 1698 quaedam
2483 1599 2920 1672 carmina
2974 1613 3195 1672 sunt

937 1720 1499 1811 referenda,
1550 1723 1719 1796 sed
1767 1725 1883 1797 ad
1921 1722 2230 1797 solam
2272 1723 2385 1795 de
2433 1720 2808 1817 Orphei
2847 1736 3195 1795 cantus

937 1841 1462 1917 dulcedine
1562 1843 2082 1943 vulgarem
2186 1839 2752 1941 sabulam¹);
2857 1843 3196 1939 itaque

937 1991 1105 2038 nec
1152 1966 1569 2039 PLAToNEM
1609 1967 2105 2063 Orphicos
2143 1965 2752 2064 cognovisse
2791 1964 3198 2061 hymnos

933 2088 1611 2179 demonstrant,
1664 2115 1827 2162 ηερ
1874 2089 1984 2162 ad
2033 2090 2409 2162 PLA‘roms
2448 2086 3194 2186 cognoscendum

933 2212 1045 2283 de
1102 2209 1572 2307 Orphicis
1620 2211 2087 2284 iudicium
2137 2211 2660 2309 quicquam
2710 2208 3191 2282 afferunt:

933 2336 1108 2406 hoc
1163 2359 1444 2407 unum
1503 2334 2082 2425 ostendunt,
2143 2349 2470 2406 notam
2525 2333 2861 2405 PLA-rom
2908 2331 3194 2404 fuisse

933 2453 1445 2553 vulgarem
1504 2455 1616 2529 de
1672 2453 2047 2552 Orphei
2096 2472 2391 2529 cantu
2441 2452 2915 2544 fabulam3
2966 2449 3193 2525 nihil

933 2577 1372 2674 amplius.

1037 2697 1284 2771 Doleo
1334 2699 1538 2797 qu'od
1586 2724 1782 2796 quae
1826 2725 1945 2772 res
1994 2699 2378 2771 Lomzcmo
2427 2697 2817 2772 manifesta
2865 2697 3025 2770 visa
3055 2711 3192 2787 est,

933 2820 1002 2893 in
1060 2822 1200 2894 hac
1254 2837 1411 2894 tam
1469 2819 1741 2920 longus
1797 2847 1961 2895 esse
2018 2837 2321 2895 coactus
2376 2848 2577 2895 sum:
2631 2822 2765 2895 sed
2810 2845 2931 2893 me
2961 2820 3197 2893 movit

933 2943 1034 3017 rei
1087 2944 1422 3042 gravitas
1478 2959 1552 3017 et
1606 2942 1921 3018 aliorum
1980 2944 2361 3018 dissensio,

1038 3227 1103 3299 5.
1158 3205 1317 3278 Iam
1367 3230 1630 3278 omnes
1674 3202 1882 3278 locos
1929 3204 2072 3278 huc
2101 3230 2336 3302 usque
2364 3219 2725 3278 tractatos
2756 3204 3023 3301 quibus
3055 3202 3190 3275 Or-

933 3327 1100 3425 phei
1158 3353 1430 3401 nomen
1480 3344 2131 3418 commemoratur,
2182 3328 2280 3401 ad
2328 3344 2710 3401 cantorem
2759 3343 2835 3400 et
2862 3326 3192 3400 fabulam

929 3450 1293 3545 pertinere
1338 3450 1518 3523 satis
1564 3450 1700 3522 erit
1746 3450 2253 3546 perspicuum:
2297 3475 2529 3546 opera
2559 3450 2933 3547 quaedam
2968 3450 3191 3546 ipsius

929 3587 1177 3645 aetate
1262 3587 1441 3645 nota
1525 3570 1645 3646 vel
1728 3572 2103 3646 doctrinas
2178 3572 2274 3645 ad
2349 3570 2902 3669 philosophiam
2979 3571 3192 3668 perti-

929 3709 1189 3767 nentes
1264 3720 1310 3768 a
1386 3695 1741 3768 PLATONE
1815 3693 2128 3790 Orpheo
2202 3694 2617 3791 adscriptas
2683 3719 2871 3784 esse,
2932 3691 3196 3766 nullius

929 3817 1190 3889 horum
1265 3817 1691 3890 testimonio
1758 3814 2272 3908 confirmatur,
2332 3841 2479 3889 non
2539 3816 2891 3890 abhorret
2947 3816 3188 3913 Legg.

933 3945 1077 4032 677
1106 3938 1168 4011 C
1197 3965 1390 4035 sqq.,
1424 3964 1574 4036 quo
1605 3938 1773 4012 loco
1804 3937 2157 4034 Orpheus
2177 3963 2343 4010 cum
2368 3936 2740 4030 Daedalo,
2764 3936 3190 4029 Palamede,

933 4060 1256 4156 Marsya,
1301 4059 1761 4157 Amphione,
1794 4057 2104 4155 aliisque
2130 4057 2428 4132 fabulae
2459 4060 2796 4156 personis
2821 4059 2893 4131 in
2923 4060 3193 4133 eodem

929 4183 1224 4281 ponitur
1297 4207 1613 4280 genere3
1691 4206 1828 4254 ηερ
1913 4180 2057 4254 alio
2132 4180 2520 4254 referenda
2597 4182 2941 4255 videntur
3003 4206 3197 4278 quae

933 4304 1163 4402 Apol.
1200 4329 1301 4398 40
1332 4305 1396 4377 E
1453 4331 1617 4402 sqq.
1679 4304 2086 4378 SOCRATEM
2144 4304 2389 4377 dicere
2446 4329 2671 4400 supra
2722 4305 3068 4379 vidimus.

1022 4546 1073 4613 ι)
1111 4548 1191 4597 Cf.
1245 4549 1452 4613 FLACH,
1502 4548 1591 4598 Gr.
1644 4549 1766 4611 Lyr.
1817 4547 1861 4612 1,
1911 4563 2036 4612 pag.
2083 4546 2172 4612 46,
2220 4547 2340 4596 adn.
2383 4560 2442 4597 2:
2487 4550 2695 4613 „Wenn
2732 4551 2857 4600 aber
2893 4550 3041 4599 Plato
3078 4551 3204 4615 Leg.

933 4634 1079 4697 12:111,
1129 4632 1297 4698 829E
1349 4651 1452 4683 von
1505 4635 1595 4684 der
1633 4633 1923 4698 Siissigkeit
1959 4633 2049 4683 der
2089 4634 2334 4698 Hymnen
2376 4635 2466 4684 des
2506 4636 2777 4701 Thamyris
2814 4638 2922 4688 und
2961 4637 3203 4702 Orpheus

925 4720 1140 4787 spi-ioht,
1171 4738 1229 4771 so
1262 4722 1329 4772 ist
1360 4721 1492 4788 klar,
1525 4721 1642 4772 dass
1673 4736 1730 4771 er
1758 4721 1843 4772 die
1875 4721 2164 4786 mythische
2199 4721 2458 4788 Wirkung
2488 4723 2762 4776 det-selben
2796 4725 2867 4775 im
2888 4726 3039 4790 Auge
3057 4721 3201 4774 hat.”
