3717 5575
804 727 853 792 99

261 903 296 977 εἰι
332 896 399 1005 γῖιρ
433 910 490 978 τοῦ
526 903 695 1004 ὁμοδοξεῖν
723 914 766 1002 τῷ
794 899 920 1000 σι’νματι
950 905 1007 976 καῖ
1034 908 1100 991 τοῖς
1129 896 1238 991 αίντοῖς
1264 904 1389 1003 χαίρειν

263 1020 499 1126 οίναγκοίζεται,
536 1023 640 1126 οἶμαι,
679 1021 854 1126 ἕμίτροτιθς
880 1053 913 1098 τε
940 1025 996 1099 καί
1026 1021 1201 1127 ὁμότροφος
1228 1028 1396 1126 γίγνεσθαι

263 1149 323 1222 καί
357 1157 412 1223 οῖα
438 1148 598 1249 μηδέποτε
627 1150 670 1237 είς
693 1140 806 1223 'Adeo
837 1150 990 1249 καθαρῶς
1016 1142 1197 1247 οίιρικίσθαι,
1227 1139 1316 1222 α’λλοῖ
1344 1143 1395 1223 αἐί

263 1276 319 1344 τοῦ
346 1267 497 1372 σώματος
526 1267 676 1346 οίνατλία
703 1267 830 1360 ἐξιέναι,
860 1265 937 1344 ὥστε
964 1263 1052 1371 ταχὺ
1080 1267 1177 1344 πάλιν
1206 1274 1324 1344 πίπτειν
1353 1272 1395 1358 είς

266 1387 350 1467 ἄλλο
379 1406 477 1494 σῶμα
504 1393 564 1467 καί
592 1389 695 1492 ὥσπερ
723 1389 910 1493 σπειρομένη
935 1386 1120 1492 ἐμφύεσθαι,
1144 1392 1203 1467 καί
1226 1391 1262 1466 ἐκ
1275 1384 1395 1467 τοίτων

266 1509 400 1618 ἄμοιρος
428 1511 508 1589 εῖναι
536 1525 594 1604 τῆς
619 1521 675 1589 τοῦ
705 1517 786 1589 θείαν
813 1541 846 1587 τε
874 1513 934 1588 καῖ
959 1516 1106 1615 καθαροῦ
1129 1515 1190 1589 καῖ
1209 1515 1395 1615 μονοειδοῦς

264 1641 436 1727 συνουσίας
446 1632 493 1730 1);
522 1635 648 1731 itaque
673 1632 854 1707 malorum
878 1633 1024 1706 animus
1047 1634 1095 1706 ad
1115 1631 1237 1706 locum
1252 1660 1274 1707 a
1289 1631 1396 1707 malis

264 1783 423 1832 vacuum
461 1782 535 1830 non
574 1757 778 1854 perveniet,
808 1755 876 1828 sed
905 1752 1026 1828 malus
1053 1781 1202 1853 semper
1228 1756 1263 1830 in
1290 1754 1395 1830 malis

265 1879 493 1970 versabitur3
522 1879 559 1952 id
583 1878 686 1976 quod
710 1902 856 1951 summa
878 1877 1068 1974 gravitate
1090 1878 1177 1952 dicit
1201 1877 1395 1951 Sociims

263 2001 421 2076 Theaet.
455 2008 527 2095 176
543 2001 580 2074 D
605 2026 688 2097 sqq.
712 1998 824 2098 paulo
848 2015 935 2096 post
957 2025 1004 2073 ea
1027 2025 1126 2097 quae
1144 2026 1256 2098 supra
1269 1980 1395 2074 lauda·

263 2124 405 2197 vimus:
430 2126 557 2201 λεκτέον
581 2109 638 2200 οὖν
651 2122 801 2214 ταθηθές,
817 2122 863 2198 ἔτι
876 2118 1014 2225 τοσούτῳ
1028 2110 1159 2225 μᾶλλόν
1174 2127 1248 2200 εἰσιν
1263 2119 1322 2199 οἷοι
1335 2120 1395 2199 οὐκ

265 2258 385 2326 οἴονται
411 2243 471 2348 {sc
497 2250 527 2323 οῖ
550 2244 737 2335 ἀδικοῦντες
760 2247 820 2321 καί
840 2242 959 2320 οίυίσια
982 2250 1126 2346 λέγοντες
1147 2241 1394 2349 ἦτροίττοντεςΙ,

264 2368 310 2447 ἔτι
335 2366 413 2473 οὐχί
433 2378 574 2445 οἴονται·
601 2366 753 2469 οίγνοοῦσι
776 2360 841 2468 γοῖρ
866 2370 988 2466 ζημίαν
1013 2364 1158 2457 οῖδικίας,
1183 2366 1267 2442 δδεῖ
1276 2363 1396 2450 ἥκιστα

265 2491 413 2594 α’γνοεῖν.
445 2486 482 2567 oia
509 2488 574 2592 γιίρ
602 2491 683 2566 ἐστιν
711 2481 751 2571 ἣν
779 2491 923 2577 δοκοῦσι,
953 2492 1081 2589 πληγαί
1106 2519 1138 2564 τε
1166 2490 1225 2565 καί
1250 2484 1395 2577 θοίνατοι,

266 2608 310 2690 ὧν
348 2615 443 2690 ἐνίοτε
479 2611 660 2714 τοίσχουσιν
697 2605 789 2685 οὐδὲν
817 2607 1017 2700 οίδικοῦντες,
1047 2604 1135 2686 α’λλοῖ
1165 2603 1205 2693 ἣν
1234 2605 1397 2687 οίδθνατον

265 2738 423 2838 ἐκφυγεῖν.
446 2732 699 2806 ΤιιεΑετΕτυε
718 2746 843 2804 autem
858 2746 1061 2828 postquam
1075 2731 1236 2830 rogavit,
1250 2731 1397 2829 qualem

266 2882 428 2955 poenam
452 2855 602 2944 diceret,
627 2871 705 2928 tum
725 2878 817 2927 vero
833 2853 1027 2926 Socmss
1041 2855 1300 2952 gravissimum
1316 2880 1399 2952 pro·

267 2980 336 3053 sert
358 2978 446 3052 illud
470 2979 653 3067 iudicium,
677 3002 723 3050 ex
748 3001 824 3072 quo
843 3001 957 3072 quam
972 2976 1137 3049 sublimis
1150 2978 1197 3051 sit
1213 2977 1399 3049 Pom-oms

267 3101 515 3200 philosophia,
538 3097 697 3174 dilucide
719 3113 889 3195 apparet:
910 3096 1206 3203 Παραδειγμοίτων,
1226 3089 1349 3202 ἶιφῖλε,
1365 3102 1397 3175 ἐν

266 3214 309 3327 tp
332 3224 398 3302 ἀ’ντι
423 3222 578 3312 ἐστι’ντων,
602 3230 657 3298 τοῦ
680 3219 739 3322 μὲν
764 3225 846 3298 θείου
865 3217 1166 3322 εὐδαιμονεστάτου,
1180 3228 1237 3297 τοῦ
1250 3219 1287 3297 δὲ
1301 3220 1396 3298 οίθέου

269 3344 481 3434 οίθλιινταῖτον,
510 3342 573 3448 οὐχ
600 3352 731 3447 ὁρῶντες
759 3342 804 3419 ἔτι
833 3339 933 3433 οὕτως
960 3338 1038 3446 ἔχει,
1062 3343 1122 3419 ύπδ
1145 3343 1344 3434 ἠλιθιότητός
1365 3374 1397 3419 τε

270 3472 329 3547 καί
366 3482 425 3559 τῆς
461 3465 603 3571 ἐσχάτης
639 3464 751 3555 οίνοίας
787 3462 982 3542 λανθοίνοιισι
1018 3480 1061 3567 τῲ
1098 3462 1157 3567 μὲν
1196 3464 1398 3568 ἑμοιοθμενοι

270 3587 325 3668 διδ
354 3586 414 3682 τοῖς
438 3590 573 3680 οίδίκους
595 3586 736 3693 πράξεις,
760 3602 804 3693 τῷ
828 3586 864 3663 δὲ
889 3582 1147 3689 οἶνομοιοίμενοι.
1171 3574 1207 3663 οἷν
1223 3587 1264 3673 δι’,
1280 3595 1398 3666 τίνουσι

269 3716 364 3801 δίκην
402 3725 516 3807 ζωντες
542 3712 596 3787 τὸν
624 3709 731 3786 είκίτα
759 3715 830 3814 βίον
858 3702 882 3809 ᾧ
914 3715 1118 3810 ὁμοιοῦνται·
1148 3703 1203 3785 εὀῖν
1232 3705 1399 3812 δἐῖπωμεν

270 3835 329 3925 ἔτι,
363 3834 404 3912 ἂν
433 3834 480 3937 μὴ
510 3832 728 3934 οῖπαλλαγονσι
755 3842 813 3920 τῆς
842 3829 1032 3921 δεινίτητος,
1062 3832 1119 3907 καί
1146 3832 1400 3923 τελευτήσαντας

272 3954 390 4049 αὐτοὺς
418 3959 534 4046 ἐκεῖνος
560 3953 620 4057 μὲν
648 3960 667 4030 ὁ
693 3969 755 4029 τῶν
784 3968 897 4029 κακῶν
921 3953 1067 4056 καθαρδς
1088 3952 1183 4044 τίπος
1207 3947 1244 4029 οὐ
1261 3956 1399 4046 δέξεται,

270 4079 383 4157 ἐνθοίδε
420 4076 456 4155 δὲ
491 4076 550 4163 τὴν
584 4077 693 4167 αὑτοῖς
723 4073 898 4164 οἰιοιίτητα
925 4088 983 4165 τῆς
1012 4077 1182 4176 διαγωγῆς
1208 4074 1256 4153 οῖεῖ
1285 4072 1401 4170 ἕξουσι,

271 4203 369 4279 κακοί
399 4209 514 4290 κακοῖς
542 4198 700 4288 συνέντες,
732 4206 833 4273 ταῦτα
861 4195 903 4281 δὴ
929 4197 986 4272 καί
1010 4194 1214 4274 παντοίτασιν
1237 4202 1281 4288 ὡς
1304 4201 1401 4276 δεινοί

272 4327 328 4402 καῖ
358 4332 532 4426 πανοῦργοι
559 4320 706 4405 α’νοητιον
733 4334 827 4395 τινοιν
856 4313 1102 4415 οἷκοίσονταιθ)

271 4484 466 4496 ——-——--

318 4586 344 4650 ι)
362 4582 494 4633 Phaedon.
513 4579 546 4645 83
557 4580 582 4629 D
601 4594 660 4643 sqq.

316 4672 344 4737 α)
363 4672 404 4721 Ita
427 4671 504 4719 eliam
529 4669 556 4717 in
581 4664 740 4731 Epinomide
766 4690 801 4699 -
826 4662 858 4712 de
883 4678 936 4727 quo
962 4661 1067 4728 dialogo
1089 4664 1149 4714 vide
1168 4664 1234 4715 inira
1253 4693 1288 4703 -
1307 4667 1404 4730 992C:

268 4756 282 4806 ὃ
305 4754 333 4806 δῖ
356 4755 416 4803 κατ’
440 4751 523 4816 ἀρχάς
545 4767 575 4800 τι
593 4747 724 4812 ῖκίγομεν,
741 4747 782 4796 καί
800 4749 839 4794 νῦν
856 4744 933 4804 alric
950 4746 1057 4808 πάρεστι
1075 4752 1151 4812 λόγος
1167 4748 1259 4808 ἀκηδὴς
1274 4749 1359 4809 dirue,
1376 4751 1407 4810 ὣς
