3717 5575
1628 662 1768 735 147

566 867 855 915 merum
917 840 1310 915 duodecim
1367 839 1834 914 celebrantor
1887 866 2053 914 curn
2102 839 2626 914 certaminibus
2671 853 2828 913 tam

567 964 928 1062 gymnicis
986 988 1214 1060 quam
1273 963 1567 1036 musicis
1621 963 2013 1036 coniuncti.
2076 963 2503 1036 Carminum
2550 977 2825 1051 autem,

567 1111 762 1183 quae
820 1086 1182 1159 eiusmodi
1230 1086 1491 1159 diebus
1539 1085 1742 1160 festis
1788 1103 1960 1159 sunt
1997 1086 2336 1158 canenda
2366 1085 2436 1157 in
2467 1084 2828 1157 honorem

567 1208 876 1281 deorum
938 1206 1057 1281 vel
1116 1208 1213 1280 ad
1270 1208 1804 1305 vituperandos
1859 1223 1989 1281 aut
2043 1206 2459 1281 landandos
2513 1232 2647 1280 eos
2703 1206 2830 1302 qui

566 1331 1034 1420 certaverint,
1087 1341 1363 1427 poetae
1404 1332 1549 1404 sint
1595 1356 1745 1404 non
1794 1329 2124 1428 quilibet,
2156 1330 2290 1403 sed
2320 1331 2497 1403 certi
2525 1329 2828 1426 quidem

565 1480 652 1528 ac
697 1453 1067 1543 destinati,
1120 1477 1270 1526 non
1319 1453 1640 1527 minores
1688 1453 2230 1550 quinquaginta
2277 1453 2512 1542 annis,
2546 1452 2723 1526 boni
2752 1467 2828 1525 et

567 1577 909 1650 honorati
957 1576 1027 1648 in
1077 1575 1281 1665 urbe,
1331 1576 1703 1649 bonorum
1737 1601 2049 1673 operum
2080 1590 2463 1648 auctores:
2514 1576 2826 1648 horum

563 1699 996 1773 carmina
1097 1714 1623 1789 canuntor,
1727 1698 2124 1771 etiamsi
2227 1698 2537 1770 minus
2632 1697 2829 1770 sint

563 1822 969 1911 musica,
1027 1821 1069 1894 i.
1102 1847 1168 1896 e.
1228 1820 1470 1894 dulcia
1527 1821 1624 1894 ad
1682 1821 2173 1912 audiendum,
2231 1819 2374 1894 alia
2430 1845 2611 1893 vero
2667 1844 2817 1893 car-

566 1944 788 2034 mina,
838 1969 883 2016 a
932 1943 1192 2017 criticis
1231 1968 1378 2016 non
1411 1945 1754 2040 probata,
1803 1968 1977 2017 can
2003 1969 2162 2016 ere
2202 1968 2296 2016 ne
2328 1943 2492 2040 quis
2520 1943 2820 2032 audeat,
2853 1980 2859 1986 ·

563 2091 657 2139 ne
715 2083 868 2140 tum
925 2066 1253 2162 quidem,
1311 2066 1368 2138 si
1427 2067 1773 2139 suaviora
1830 2067 1976 2140 sint
2033 2065 2301 2161 quibus
2355 2064 2554 2137 nulla
2603 2063 2825 2137 fuisse

563 2189 908 2262 suaviora
982 2188 1393 2278 traduntur,
1470 2187 1898 2284 Thamyrae
1974 2186 2449 2283 Orpheisque
2504 2186 2817 2283 hymnis,

668 2310 864 2384 Satis
911 2336 1004 2383 ex
1042 2310 1154 2382 his
1183 2324 1521 2406 apparet,
1556 2335 1777 2382 omne
1809 2334 1976 2382 esse
2005 2324 2465 2382 momentum
2499 2308 2821 2405 positum

564 2432 634 2505 in
725 2441 984 2505 cantu:
1083 2456 1232 2505 non
1330 2447 1628 2505 vetatur
1724 2432 1868 2505 hoc
1950 2430 2116 2505 loco
2196 2431 2384 2523 fieri
2460 2430 2824 2504 eiusmodi

569 2579 892 2645 carmen,
964 2579 1113 2627 non
1178 2555 1430 2644 scribi,
1502 2579 1650 2628 non
1711 2555 1898 2652 legi:
1957 2555 2134 2627 cani
2181 2569 2500 2628 vetatur.
2563 2555 2827 2651 Itaque

566 2676 974 2750 carminum
1030 2676 1294 2750 horum
1351 2702 1517 2749 cum
1569 2676 1854 2773 Orphei
1901 2677 2309 2751 carminum
2357 2677 2831 2751 conferuntur

572 2825 723 2873 non
795 2802 1038 2890 verba,
1114 2825 1262 2873 non
1345 2808 1905 2898 argumentum,
1993 2801 2127 2873 sed
2197 2827 2362 2873 cum
2445 2809 2831 2875 canuntur

569 2949 827 2997 sonus:
903 2949 1127 2996 sonus
1200 2923 1316 2995 hic
1389 2924 1676 2996 etiamsi
1751 2924 2158 2995 carminum
2225 2948 2422 3019 quae
2481 2923 2832 3020 Orpheus

569 3044 919 3118 cecinisse
975 3044 1204 3116 fertur
1260 3061 1336 3118 et
1390 3044 1810 3142 ThamyriS,
1862 3045 1955 3117 sit
2003 3043 2307 3135 dulcior,
2357 3043 2828 3117 nihilominus

568 3165 747 3239 talia
801 3166 1129 3239 carmina
1185 3191 1334 3238 non
1390 3168 1761 3240 audienda
1819 3182 1990 3239 sunt
2045 3165 2249 3239 festis
2296 3167 2496 3239 hisce
2543 3166 2827 3239 diebus.

677 3287 870 3361 Cum
900 3313 1082 3361 vero
1115 3288 1491 3361 PLA‘roms
1520 3305 1773 3362 aetate
1793 3289 2122 3362 carmina
2143 3288 2494 3379 extitisse,
2520 3288 2832 3385 Orpheo

568 3409 688 3483 vel
771 3409 1198 3506 Thamyrae
1280 3411 1675 3508 adscripta,
1763 3436 2106 3507 quorum,
2194 3436 2343 3483 non
2420 3412 2585 3484 dico
2661 3400 2832 3483 reci·⁴

569 3547 894 3604 tatorum
944 3532 1128 3620 soni,
1179 3533 1311 3604 sed
1359 3547 1826 3605 cantatorum
1861 3531 2408 3605 modulationes
2439 3547 2834 3629 tantopere

569 3652 883 3726 aliorum
958 3653 1363 3726 carminum
1442 3655 1710 3727 modos
1783 3654 2157 3727 suavitate
2234 3671 2694 3751 superarent,
2754 3670 2834 3727 ut

570 3775 641 3846 in
734 3772 1159 3871 exemplum
1234 3791 1701 3849 sumerentur
1774 3792 1851 3848 et
1935 3776 2306 3872 proverbii
2382 3775 2549 3850 loco
2624 3776 2835 3849 affer·

574 3892 920 3991 rentur¹),
999 3921 1135 3969 nec
1208 3896 1359 3970 ullo
1435 3899 1663 3971 modo
1737 3898 1832 3970 sit
1906 3897 2250 3972 credibile
2328 3923 2465 3971 nec
2538 3898 2837 3972 aliunde

575 4035 833 4092 notum
892 4018 1234 4091 videatur
1251 4016 1329 4116 ⁹),
1393 4019 1566 4092 nihil
1623 4018 1820 4092 aliud
1867 4036 2120 4110 restat,
2171 4021 2306 4092 nisi
2354 4036 2434 4094 ut
2481 4046 2676 4117 quae
2723 4021 2840 4094 hic

668 4263 720 4330 1)
758 4265 840 4314 Cf.
876 4266 1084 4314 WEBER
1115 4280 1166 4314 o.
1187 4264 1221 4314 l.
1255 4281 1374 4330 pag.
1408 4277 1503 4327 34:
1543 4265 1675 4328 „Die
1698 4265 1944 4328 Hymnen
1967 4265 2058 4315 des
2079 4266 2143 4315 Ο.
2164 4268 2287 4316 aber
2306 4274 2535 4316 mussten
2554 4267 2610 4315 in
2632 4267 2841 4316 Platons

577 4352 691 4401 Zeit
740 4352 859 4401 sehr
909 4352 1144 4401 bekannt
1185 4367 1424 4416 gewesen
1464 4352 1596 4410 sein,
1633 4359 1777 4400 sonst
1814 4351 2014 4401 konnte
2053 4369 2108 4402 er
2145 4353 2218 4402 sie
2256 4353 2394 4402 wohl
2431 4354 2577 4403 nicht
2614 4353 2841 4418 exempli

576 4454 730 4489 causa
776 4440 832 4488 in
883 4439 1028 4489 einer
1078 4439 1254 4488 Weise
1303 4439 1600 4504 erwfihnen,
1649 4439 1731 4487 die
1780 4439 1854 4488 sie
1904 4439 1981 4489 als
2021 4440 2203 4489 seinen
2240 4442 2432 4490 Lesern
2472 4439 2694 4504 gel‘aufig
2732 4455 2844 4489 vor-

573 4526 846 4576 aussetzt.”

667 4611 724 4678 2)
767 4611 998 4662 Omnino
1035 4613 1263 4662 carmina
1298 4611 1531 4678 Orphica
1566 4628 1680 4662 non
1711 4612 1991 4662 admodum
2023 4613 2240 4679 pulchra
2257 4613 2435 4663 habita
2453 4629 2566 4664 esse
2586 4613 2844 4662 videntur:

576 4699 644 4749 cf.
703 4702 966 4750 Roscmtn
1011 4699 1046 4749 i.
1065 4716 1115 4751 v.
1167 4699 1427 4765 Orpheus,
1478 4700 1580 4750 col.
1634 4712 1796 4762 1104:
1851 4701 1992 4763 „und
2039 4717 2096 4751 so
2134 4701 2263 4750 wird
2297 4701 2437 4751 deun
2477 4701 2550 4750 im
2588 4700 2847 4750 Altertum
