3717 5575
999 653 1069 744 158

462 845 594 918 animis
632 846 689 919 hic
727 845 970 945 Reipublicae
1008 847 1160 921 exhibet
1196 845 1317 939 locus,
1355 875 1438 922 cum
1475 850 1595 924 afferri

462 987 657 1065 appareat,
682 984 722 1042 ut
745 968 983 1042 confirmetur
1006 968 1113 1042 illud:
1134 967 1220 1048 κατὰ
1235 973 1406 1055 συνήθειαν
1419 981 1475 1050 τοῦ
1489 974 1595 1074 προτέ·

460 1123 515 1193 pov
554 1097 626 1195 βίου
665 1086 705 1169 τὰ
742 1087 849 1169 πολλὰ
887 1097 1055 1197 αἱρεῖσθαι,
1090 1093 1125 1165 in
1154 1093 1280 1189 aprico
1309 1110 1377 1184 est,
1407 1094 1501 1167 haec
1529 1095 1595 1167 nisi

462 1213 622 1311 exempli
651 1241 763 1288 causa
787 1216 836 1289 ad
860 1216 1049 1290 arbitrium
1075 1218 1212 1313 sumpti
1237 1234 1276 1291 et
1299 1219 1499 1316 excogitati
1522 1242 1594 1291 non

462 1337 562 1434 poni,
592 1362 661 1410 nec
689 1364 736 1411 ex
765 1338 954 1412 Pnnrorus
978 1339 1101 1413 verbis
1124 1340 1217 1413 effici
1242 1337 1362 1432 licere,
1387 1358 1452 1414 aut
1474 1341 1594 1438 ipsum

462 1459 671 1532 Pnnronnu
710 1460 880 1535 docuisse
919 1479 984 1534 aut
1020 1463 1057 1534 in
1095 1461 1220 1536 sabula
1249 1462 1371 1554 luisse,
1401 1461 1595 1561 Orpheum

460 1596 547 1677 post
575 1597 734 1654 mortem
763 1582 799 1654 in
827 1609 982 1680 cycnum
1011 1599 1194 1657 mutatum
1222 1608 1315 1658 esse.

515 1703 630 1797 Quod
666 1704 696 1776 si
728 1704 779 1777 ita
809 1722 877 1796 est,
907 1706 1042 1779 eadem
1071 1706 1128 1779 hic
1157 1731 1216 1780 res
1243 1706 1390 1779 videtur
1417 1722 1532 1804 atque
1559 1709 1594 1782 in

462 1824 608 1923 Legum
645 1823 729 1899 loco
766 1852 879 1924 supra
911 1844 1090 1902 tractato:
1129 1829 1257 1902 Pnnro
1293 1829 1342 1902 ad
1379 1827 1596 1904 illustranda

461 1971 507 2020 ea
544 1972 643 2043 quae
679 1949 804 2044 posuit
837 1994 888 2004 —
918 1975 987 2047 pro
1024 1951 1291 2024 consuetudine
1327 1951 1428 2025 vitae
1465 1952 1596 2048 prioris

461 2066 681 2168 plerumque
709 2069 848 2169 eligere
877 2073 1022 2146 animos
1049 2117 1113 2163 —,
1143 2071 1249 2170 plura
1272 2073 1381 2146 affert
1402 2071 1592 2170 exempla:

461 2219 544 2265 cum
573 2211 698 2267 autem
729 2193 854 2268 sabula
876 2196 924 2269 de
954 2195 1096 2292 Orphei
1125 2213 1256 2269 cantus
1281 2195 1475 2270 dulcedine
1498 2211 1597 2270 esset

462 2316 665 2406 notissima,
703 2318 753 2391 ab
789 2318 906 2391 altera
944 2344 1035 2391 vero
1073 2305 1184 2416 parte'
1215 2343 1352 2415 cycnus
1383 2319 1479 2392 inter
1506 2344 1597 2392 aves

461 2455 719 2513 numeraretur
742 2440 903 2513 maxime
926 2465 1096 2531 canoras,
1120 2465 1194 2513 non
1220 2441 1352 2513 mirum
1367 2456 1437 2532 est,
1454 2440 1598 2537 Orphei

464 2561 590 2634 animo
615 2562 784 2635 tribuisse
813 2588 899 2636 eum
926 2564 1029 2661 cycni
1059 2559 1269 2661 figuram.¹)

516 2780 551 2849 6.
578 2775 658 2850 lam
683 2776 795 2851 venio
818 2778 868 2851 ad
893 2775 1160 2851 nobilissimum
1176 2774 1299 2851 locum
1315 2774 1455 2875 Cratyl.
1474 2802 1548 2870 402
1566 2777 1595 2850 B

463 2923 546 2995 sqq.
577 2915 615 2973 et
643 2900 706 2997 qui
734 2900 900 2974 eiusdem
929 2917 1015 2974 sunt
1042 2901 1191 2998 generis
1218 2898 1358 2974 Phileb.
1391 2900 1488 2973 66C
1513 2925 1595 2996 sqq.

464 3036 502 3094 et
531 3020 651 3119 Legg.
683 3021 717 3094 11
744 3028 819 3115 669
835 3023 884 3095 D.
912 3022 985 3096 Hic
1009 3023 1159 3120 quidem
1183 3066 1235 3077 -
1258 3037 1299 3096 ut
1322 3022 1421 3118 prius
1445 3022 1493 3094 de
1515 3020 1597 3095 solo

460 3172 653 3184 nun-

459 3248 503 3297 τδυ
526 3247 657 3305 vatnam,
680 3247 695 3306 li
714 3250 782 3298 κυτδι
798 3251 834 3297 τδι
851 3252 977 3312 λεγόμενα
995 3247 1128 3310 μεταβολή
1144 3264 1183 3305 τις
1200 3245 1327 3309 τυγχάνοι
1345 3240 1410 3295 οὖσα
1427 3245 1470 3295 κοῒ
1486 3247 1600 3306 μετοίκη-

460 3346 502 3388 cre
518 3334 550 3394 τῇ
569 3330 643 3395 ψυχῇ
661 3335 707 3380 τοῦ
724 3333 802 3380 τότου
819 3335 866 3380 τοῦ
884 3328 977 3381 ἰνδίυδτ
994 3331 1029 3390 τδς
1046 3330 1124 3380 ἄλλον
1139 3325 1346 3379 ravennatae:
1361 3325 1472 3388 μηδεμία
1486 3326 1600 3386 Artacie

459 3408 531 3461 ἔστιν
541 3449 611 3470 .....
628 3412 766 3474 θαυμάσιον
783 3411 866 3474 κέρδος
882 3413 912 3463 δυ
929 3411 967 3471 ll»,
985 3414 998 3462 ὁ
1013 3412 1118 3471 θάνατος
1129 3450 1135 3463 .
1145 3451 1150 3463 .
1161 3449 1182 3461 ..
1198 3415 1246 3481 (Ε)
1260 3410 1282 3460 ri
1297 3409 1319 3459 δ’
1333 3405 1365 3460 αδ
1381 3406 1429 3460 οἷον
1437 3409 1604 3471 ἀποδημῆσαί

460 3494 532 3547 ἔστιν
554 3499 567 3547 ὁ
590 3498 694 3557 liturae
718 3497 810 3549 ὶνδίνδε
833 3499 868 3559 εἷς
885 3499 963 3550 ἄλλον
978 3504 1114 3551 τόπου...
1134 3500 1165 3548 τί
1179 3498 1266 3564 μιῖζου
1282 3498 1375 3561 δγυδδυ
1393 3496 1488 3547 τούτου
1505 3495 1542 3554 lin
1560 3497 1598 3554 dr,

459 3574 477 3628 ὅ
502 3578 586 3641 Wl't
608 3578 742 3637 ltwralr
765 3599 817 3648 qua
842 3585 932 3634 eadem
957 3585 1108 3650 disputandi
1127 3585 1226 3634 ratione
1245 3584 1310 3633 alibi
1330 3598 1437 3648 quoque
1457 3583 1496 3632 uti
1514 3582 1595 3631 solet:

462 3668 496 3718 cf.
516 3670 648 3720 Phaedon.
667 3670 748 3720 66E:
767 3667 790 3716 οδ
805 3670 855 3730 γὰρ
873 3669 907 3729 μὴ
925 3665 975 3718 οἷον
996 3686 1026 3719 τε
1044 3672 1111 3729 μετδ
1127 3673 1172 3719 τοῦ
1186 3668 1305 3729 τάμοιο-ος
1320 3664 1397 3727 natta
1412 3665 1521 3728 κυδορῶς
1535 3671 1596 3729 γνῶ-

459 3769 507 3809 ναι,
525 3751 590 3802 δυοῖν
607 3752 713 3815 θάτερον,
730 3753 745 3810 li
762 3752 873 3815 obduranti
890 3754 962 3804 ’lorti
980 3756 1120 3814 articarius
1139 3758 1169 3805 τὸ
1187 3754 1276 3805 εδδίνυο
1294 3753 1596 3811 lumnicensem.

463 3836 555 3902 Itaque
581 3855 741 3904 quamquam
764 3856 817 3890 non
842 3856 910 3907 nego
935 3858 1002 3907 quae
1027 3843 1060 3893 de
1085 3844 1217 3893 Socnnrrs
1236 3840 1308 3907 quod
1326 3840 1360 3890 ad
1378 3841 1596 3890 immortalitatem

463 3923 607 3975 animorum
626 3927 756 3976 sententia
775 3927 877 3976 disserit
896 3929 1008 3994 Rounn,
1026 3929 1068 3978 hic
1085 3939 1172 3979 tamen
1191 3931 1263 3978 locus
1282 3927 1324 3992 (41
1340 3927 1376 3994 A)
1391 3927 1424 3976 ad
1438 3941 1598 3991 cognoscen-

463 4013 523 4062 dam
547 4013 704 4063 sententiam
728 4028 785 4062 eam
809 4013 853 4063 vir
879 4015 1023 4080 quidquam
1047 4017 1137 4066 afferre
1156 4015 1219 4065 mihi
1239 4014 1354 4064 videtur:
1373 4014 1466 4063 melius
1485 4014 1598 4064 Smne.

463 4100 583 4164 Prolegg.
600 4099 635 4148 ad
654 4100 734 4164 Apol.
754 4115 831 4164 pagg.
852 4110 895 4166 35,
914 4102 947 4164 36
966 4102 999 4151 ad
1017 4104 1157 4168 opiniones
1177 4101 1316 4167 populares
1335 4116 1394 4149 eum
1412 4101 1498 4151 refert.

509 4184 535 4245 ι)
553 4185 606 4235 Cur
629 4186 703 4250 cycni
727 4186 890 4250 potissimum
914 4188 995 4238 vitam
1016 4190 1157 4255 eligentem
1176 4189 1273 4238 faceret
1291 4187 1392 4252 Orphei
1411 4188 1534 4252 animum,
1549 4203 1598 4237 nec

461 4286 484 4320 e.
495 4286 520 4335 g.
545 4271 638 4321 iterum
661 4271 776 4321 hominis
804 4274 925 4338 cantoris,
951 4283 978 4324 ut
1004 4276 1147 4340 explicaret
1171 4276 1272 4338 Pnnm,
1300 4272 1410 4336 addidit,
1437 4274 1488 4323 nisi
1513 4273 1598 4338 fallor,

357 4357 359 4361 ⁴
461 4357 520 4406 illa:
539 4356 609 4415 μίσει
624 4357 670 4403 τοῦ
682 4357 825 4416 γυναικείου
838 4355 925 4417 γίνονο
941 4376 1016 4427 sqq.;
1032 4362 1066 4411 cf.
1083 4378 1143 4426 pag.
1166 4371 1224 4426 155,
1241 4360 1301 4409 adn.
1321 4372 1349 4424 13
1365 4367 1428 4408 nota
1439 4369 1494 4409 erat
1504 4359 1600 4424 sabula,

463 4443 599 4492 mulierum
623 4443 743 4493 manibus
766 4444 893 4495 occidisse
913 4447 1063 4515 Orpheum3
1082 4464 1160 4513 quam
1179 4463 1246 4513 cum,
1265 4447 1297 4495 de
1316 4446 1393 4495 huius
1412 4453 1494 4495 morte
1509 4461 1599 4512 agens,

462 4530 505 4578 vix
532 4538 620 4594 posset
643 4529 791 4596 neglegere,
815 4531 866 4581 hoc
891 4533 969 4583 modo
994 4536 1211 4585 commemoravit.
1238 4533 1403 4597 Quamquam
1422 4532 1548 4598 concedo,
1561 4533 1598 4582 sic

463 4630 529 4679 quae
552 4616 584 4665 de
609 4616 738 4680 Thamyra
762 4617 885 4668 dicuntur
909 4636 962 4670 non
989 4622 1122 4688 explicari.
1148 4621 1245 4686 Utique
1269 4619 1325 4669 fieri
1344 4626 1440 4684 potest,
1459 4626 1487 4668 ut
1506 4624 1599 4683 poetae

461 4701 569 4750 alicuius
586 4703 740 4752 commentis
758 4711 897 4770 utrumque
917 4708 1023 4758 nitatur.
