3717 5575
808 650 854 743 85

269 846 369 920 cuius
396 845 632 945 philosophia
660 873 744 921 cum
768 845 946 945 religione
970 845 1152 921 artissime
1175 846 1363 939 cohaeret,
1374 844 1401 947 1)

269 968 304 1041 in
331 968 387 1042 his
416 994 567 1065 quoque
594 994 736 1059 eorum,
766 968 828 1065 qui
856 967 1081 1043 antecedunt
1108 967 1241 1064 ipsum,
1269 969 1401 1043 insistit

266 1091 452 1190 vestigiis:
482 1091 588 1185 ,Erst
612 1091 773 1164 hundert
792 1090 905 1187 jahre
928 1102 1054 1189 spater
1077 1090 1144 1164 hat
1157 1089 1215 1164 ein
1232 1090 1399 1166 Dichter-

268 1212 469 1311 Philosoph
506 1213 566 1288 die
601 1212 814 1288 verlassene
852 1213 950 1310 Spur
984 1214 1051 1287 des
1078 1210 1236 1287 Eleaten
1263 1213 1401 1288 wieder

267 1336 496 1435 ausgesucht.
523 1336 595 1410 Die
619 1337 827 1435 grossartig
841 1335 1131 1434 durchgeliihrte
1147 1334 1400 1433 Wagensahrt

265 1459 331 1532 der
358 1456 562 1558 gottlichen
590 1459 666 1532 und
690 1458 964 1533 menschlichen
988 1456 1121 1532 Seelen
1146 1458 1195 1529 im
1217 1457 1397 1531 Phaidros

265 1581 362 1678 zeigt
385 1582 454 1655 das
477 1578 552 1655 alte
573 1580 695 1654 Motiv
709 1581 744 1654 in
759 1581 907 1656 tieferer
922 1580 1155 1679 Auffassung
1169 1579 1245 1652 und
1260 1577 1397 1653 vollen·

265 1702 411 1777 deterer
447 1704 572 1778 Kunst
609 1705 685 1778 und
721 1705 768 1778 ist
804 1704 948 1802 typisch
983 1703 1039 1777 liir
1076 1703 1154 1776 die
1181 1702 1397 1776 Vereini·

269 1851 401 1924 gung
441 1826 734 1924 orphischer
771 1824 1121 1925 Apokalyptik
1156 1826 1241 1900 mit
1275 1822 1396 1899 elea·

268 1946 1396 2041 tischerDialektik,welchePlatonsGrdss'e

266 2067 596 2169 ausmacht.’‘⁹)
633 2071 765 2169 Itaque
802 2085 961 2168 apparet
994 2070 1125 2145 salsam
1158 2095 1241 2144 esse
1264 2094 1393 2144 eorum

313 2364 474 2429 1)Zuu1.sa,
498 2362 545 2412 Ph
564 2362 589 2411 d
608 2362 654 2412 Gr.
673 2362 699 2411 11
721 2361 747 2411 1⁴
765 2377 825 2427 pag.
846 2359 909 2425 580:
930 2360 993 2425 ,der
1010 2359 1131 2426 religiose
1149 2361 1203 2411 und
1222 2360 1395 2411 dichterische

267 2449 407 2501 Charakter
430 2449 476 2499 der
495 2448 677 2514 platonischeu
695 2446 896 2513 Philosophie;’‘
915 2463 975 2513 pag.
994 2445 1060 2511 926:
1081 2448 1160 2512 ,Was
1177 2463 1231 2497 nun
1251 2456 1334 2498 zuerst
1351 2448 1395 2498 die

267 2537 389 2603 Religion
413 2536 520 2600 betrifl't,
540 2551 570 2585 so
587 2535 674 2585 haben
692 2534 740 2584 wir
757 2550 806 2584 uns
825 2533 907 2583 sehon
925 2533 1012 2583 lrtther
1031 2535 1179 2600 ttberzeugt,
1197 2533 1256 2584 dass
1275 2550 1394 2584 unserem

265 2624 441 2690 Philosopheu
466 2623 509 2673 die
533 2622 618 2673 wahre
640 2621 764 2687 Religion
788 2622 836 2671 mit
859 2620 905 2670 der
929 2620 1108 2687 Philosophia,
1131 2621 1185 2671 und
1203 2622 1249 2671 das
1267 2621 1394 2672 wahrhaft

265 2710 398 2762 Gottliche
415 2710 463 2759 mit
482 2709 532 2759 den
547 2708 675 2758 ho'chsteu
691 2707 894 2772 Gegenstanden
911 2707 957 2757 der
972 2707 1204 2774 philosophisehen
1218 2708 1395 2774 Betrachtung

265 2796 495 2850 zusammensa‘llt.’'

310 2886 383 2936 Haec
407 2901 469 2935 vero
493 2901 551 2935 cum
575 2886 683 2934 Zama
707 2900 768 2949 pag.
793 2896 845 2948 934
869 2884 897 2933 in
920 2883 991 2933 hunc
1013 2883 1118 2933 modum
1136 2884 1281 2949 restringit:
1302 2883 1393 2948 „Nach

264 2973 342 3023 aliem
361 2973 450 3023 diesen
465 2973 569 3022 werden
585 2973 632 3021 wir
646 2972 697 3021 deu
713 2971 852 3036 religiosen
868 2970 1019 3029 Charakter,
1034 2971 1146 3021 welcher
1155 2972 1201 3021 der
1209 2971 1392 3036 platonischen

264 3059 432 3125 Philosophie
448 3058 495 3107 mit
511 3057 595 3109 Recht
610 3058 797 3123 nachgertthmt
813 3057 917 3107 worden
934 3058 976 3124 ist,
986 3057 1390 3123 weitwenigerauiderwissen·

262 3145 441 3211 schattlichen,
462 3145 500 3195 als
519 3145 565 3195 anf
581 3145 626 3195 der
643 3144 778 3195 ethischen
799 3144 868 3194 Seite
887 3161 917 3194 zu
936 3144 1034 3194 suchen
1048 3143 1161 3211 haben,“
1177 3160 1231 3194 non
1246 3144 1330 3194 solum
1338 3143 1389 3194 sibi

262 3248 316 3281 non
340 3240 458 3282 constare
482 3231 547 3281 mihi
571 3232 680 3296 videtur,
699 3246 787 3280 verum
806 3231 883 3280 etiam
902 3230 1032 3297 dirimere,
1050 3246 1117 3296 quae
1135 3231 1164 3280 in
1182 3231 1312 3280 Pnnuortu
1330 3231 1391 3280 diri·

262 3319 357 3368 menda
372 3334 426 3368 nou
446 3325 527 3368 erant.
546 3318 647 3382 Nempe
663 3332 722 3367 cum
737 3317 808 3383 apud
823 3317 975 3367 Phanorian
990 3315 1128 3377 φιλοσοφία
1142 3325 1168 3367 et
1183 3312 1312 3376 ἐπιστήμη
1321 3318 1391 3367 idem

262 3405 315 3455 fere
339 3412 443 3471 sonent,
466 3405 592 3470 sequitur,
609 3412 638 3453 ut
656 3404 683 3453 id
702 3403 774 3469 quod
792 3403 825 3453 de
844 3403 1013 3468 philosophia
1030 3403 1085 3454 eius
1103 3404 1242 3454 dicendum
1260 3405 1303 3471 sit,
1320 3404 1390 3454 idem

261 3493 289 3541 in
313 3492 447 3542 seientiam
470 3492 554 3541 cadat.
577 3491 679 3541 Deinde
703 3506 765 3540 vero
790 3490 917 3541 eiusmodi
938 3491 1007 3540 inter
1024 3492 1159 3541 scientiam
1177 3498 1204 3541 et
1221 3491 1333 3541 ethicam
1351 3491 1390 3541 di-

262 3579 377 3643 stinctio,
401 3578 487 3643 qualis
510 3577 582 3627 hisce
601 3579 719 3627 Zmatu
736 3577 823 3627 verbis
842 3576 968 3644 inhaeret,
985 3593 1000 3626 a
1017 3578 1152 3628 Pnnmrtrs
1170 3577 1287 3628 doctrina
1304 3579 1390 3629 aliena

262 3673 315 3730 est,
334 3664 452 3729 id'quod
469 3671 577 3730 apparet
596 3680 655 3714 cum
672 3679 705 3713 ex
725 3664 766 3730 iis,
784 3679 850 3729 quae
869 3664 901 3713 de
917 3663 1068 3729 philosophi
1084 3680 1162 3730 quarn
1177 3666 1269 3715 Pnauo
1284 3665 1390 3715 exhibet

261 3752 375 3815 imagine
393 3767 470 3816 supra
489 3751 610 3815 diximus,
628 3758 682 3800 tum
700 3766 730 3799 ex
749 3751 790 3816 iis,
809 3765 876 3815 quae
894 3751 952 3816 ipse
970 3752 1078 3800 Zama
1096 3751 1133 3801 1.1.
1152 3768 1212 3816 pag.
1231 3761 1282 3816 935
1301 3752 1388 3819 affert3

261 3853 328 3903 quae
346 3838 374 3887 in
393 3837 469 3887 huius
487 3838 598 3903 paginae
617 3837 667 3887 fine
684 3837 814 3904 dicuntur,
827 3837 864 3886 sic
880 3838 943 3888 satis
957 3853 1018 3887 vera
1031 3838 1094 3887 mihi
1104 3838 1233 3904 videntur,
1243 3855 1291 3889 nec
1301 3846 1388 3889 tamen

261 3932 351 3973 contra
374 3924 457 3973 afferri
482 3931 605 3989 possunt:
633 3924 726 3987 ,einen
748 3922 887 3988 religiosen
912 3922 1054 3973 Charakter
1076 3922 1181 3973 habeu“
1205 3940 1235 3974 uc
1260 3926 1323 3989 ,mit
1342 3925 1388 3975 der

258 4010 437 4075 positiveu
461 4010 585 4075 Religion
609 4008 665 4060 sich
688 4008 836 4059 bertthren'’
855 4025 909 4059 non
926 4009 996 4059 idem
1015 4017 1063 4076 est,
1080 4010 1108 4059 id
1127 4010 1198 4076 quod
1217 4011 1387 4062 consideratis

258 4112 326 4162 quae
345 4095 372 4145 in
392 4104 463 4146 textu
482 4096 602 4162 diximus,
620 4097 649 4145 iu
667 4097 757 4162 aprico
775 4096 831 4146 erit.

302 4183 358 4233 Nec
383 4199 487 4248 prorsus
510 4183 564 4233 iure
589 4183 705 4233 EUCKEN
729 4182 915 4249 (Gesammelte
941 4183 1062 4234 Auisdtze
1086 4199 1129 4233 zur
1146 4184 1314 4249 Philosophie
1332 4185 1388 4235 und

259 4269 539 4335 Lebensanschauung.
560 4269 676 4335 Leipzig.
695 4270 771 4321 Ditrr.
794 4282 870 4333 1903.
889 4286 949 4336 pag.
969 4270 1032 4338 212)
1050 4270 1114 4320 vitio
1132 4270 1192 4320 dare
1207 4271 1271 4321 mihi
1286 4272 1389 4321 videtur

260 4357 446 4422 Wrnnsrnrtrm,
471 4357 542 4422 quod
566 4357 588 4407 is
606 4356 659 4406 0.l.
678 4357 813 4407 Pannonis
831 4358 1026 4423 philosophiam
1043 4358 1230 4423 religiosiorem
1248 4359 1388 4424 depingat:

262 4443 353 4506 ,Auch
371 4443 417 4493 das
432 4443 492 4493 Bild
508 4443 595 4493 Platos
611 4443 644 4493 ist
654 4444 803 4509 gegenttber
811 4444 858 4493 der
866 4445 1066 4510 gewdhnlichen
1077 4445 1195 4510 Fassung
1204 4446 1244 4494 ins
1254 4445 1388 4509 Religiose

259 4529 313 4578 und
328 4529 518 4594 Theologische
528 4528 714 4580 verschoben.''
724 4530 809 4579 Multo
819 4531 910 4581 melius
920 4531 1011 4580 saltem
1021 4533 1221 4581 wnnmnrun
1230 4546 1306 4596 agere
1316 4538 1389 4598 puto,

262 4631 338 4681 quam
358 4616 403 4680 qui
422 4617 455 4665 ab
473 4616 530 4681 ipsa
548 4616 682 4681 religionis
700 4625 790 4667 natura
809 4619 944 4667 Pannonis
962 4618 1092 4668 doctrinas
1110 4618 1214 4684 longius
1232 4625 1388 4669 removeant.

307 4702 445 4769 2)D111.S,
465 4703 641 4769 Parmenides,
659 4720 719 4769 pag.
739 4717 782 4754 22.
