3717 5575
868 702 937 774 1²5

530 902 563 951 2.
594 877 653 950 De
683 876 981 950 Anaximandro,

529 1024 561 1093 3.
594 999 653 1074 De
685 998 934 1088 Anaximene,
964 1014 1002 1071 et
1029 999 1058 1071 si
1087 1000 1149 1096 qui
1176 1019 1262 1074 sunt
1289 1000 1364 1075 alii.

430 1228 494 1302 ΙΙΙ.
525 1229 592 1302 De
632 1226 875 1302 Heraclito
914 1228 1108 1323 eiusque
1140 1231 1464 1307 sectatoribus,

535 1376 564 1425 r.
597 1352 657 1424 De
689 1350 892 1425 Heraclito.

533 1498 564 1548 2.
596 1474 656 1548 De
686 1472 908 1547 Heracliteis
937 1473 999 1569 qui
1027 1472 1206 1547 dicuntur.

429 1719 493 1793 IV.
525 1719 595 1793 De
631 1718 875 1793 Eleaticis
911 1717 1253 1816 philosophis,
1292 1722 1373 1817 qui
1406 1722 1466 1794 di·

530 1857 713 1916 cuntur.

535 1989 564 2039 1.
596 1964 656 2038 De
685 1963 935 2061 Xenophane.
946 1959 973 2060 1)

534 2112 566 2161 2.
597 2087 657 2159 De
686 2084 919 2160 Parmenide.

533 2235 565 2305 3.
597 2209 657 2283 De
684 2209 846 2283 Zenone.

530 2357 564 2424 4.
596 2332 657 2405 De
686 2330 851 2405 Melisso.

448 2579 494 2653 V.
526 2578 593 2651 De
621 2575 914 2674 Empedocle.

424 2827 491 2901 Vl.
523 2826 591 2898 De
621 2823 933 2921 Anaxagora.

407 3072 492 3146 Vll.
523 3071 589 3144 De
618 3069 882 3143 Atomistis.

389 3318 492 3391 Vlll.
523 3317 590 3390 De
620 3312 936 3413 Pythagoreis.

432 3546 498 3620 IX.
530 3546 596 3619 De
625 3543 874 3642 Sophistis

536 3693 566 3742 1.
598 3669 658 3741 De
686 3667 907 3764 Protagora.

535 3815 567 3864 2.
599 3791 660 3864 De
688 3789 844 3887 Gorgia.

536 3938 568 4007 3.
600 3914 660 3986 De
683 3911 832 4007 reliquis
855 3908 917 4006 qui
941 3908 977 3982 in
1003 3910 1193 3983 Pnnsonrs
1217 3911 1391 4008 operibus
1410 3938 1469 3986 oc·

655 4049 804 4107 currunt
832 4031 1028 4129 Sophistis.

382 4280 408 4348 1)
425 4280 548 4330 Notanda
564 4279 607 4329 hic
626 4287 687 4328 sunt
705 4293 773 4343 quae
791 4292 870 4342 supra
888 4275 921 4325 de
937 4275 1028 4326 ordine
1045 4291 1123 4340 quem
1138 4292 1233 4341 sequar
1248 4277 1366 4341 exposui.
1382 4277 1468 4328 Xeno-

335 4367 447 4432 phanem
457 4383 614 4433 quamquam
624 4366 767 4431 obreliquis
777 4364 876 4414 Eleatis
886 4370 1010 4429 separant
1019 4364 1067 4412 viri
1078 4363 1158 4428 docti,
1164 4364 1335 4414 nihilominus
1342 4365 1370 4413 in
1376 4365 1469 4414 horum

333 4469 468 4503 numerum
495 4454 594 4520 rettuli,
620 4453 703 4518 ipsius
732 4452 867 4501 Pmortrs
894 4449 1043 4514 exemplum
1067 4460 1185 4500 secutus:
1210 4451 1243 4500 ct'.
1268 4450 1382 4517 Sophist.
1408 4467 1468 4517 pag.

335 4540 418 4602 242C
442 4555 517 4604 sqq.:
543 4576 567 4590 ..
591 4538 622 4585 τὸ
640 4533 666 4585 δῖ
684 4536 743 4597 παρ’
761 4533 819 4595 ἡμῖν
839 4535 986 4583 Ἐλεατικὸν
1003 4532 1077 4592 (troc,
1093 4534 1143 4584 axa
1160 4533 1308 4598 Ξενοφάνους
1325 4552 1354 4585 τι
1370 4534 1414 4584 nai
1429 4534 1470 4585 irc

332 4624 433 4685 πρόσθεν
450 4622 592 4688 ἀρξάμενον,
610 4633 683 4672 ma.

797 4752 1010 4760 ...—..—-—-—-
