3717 5575
1606 656 1744 729 Ι97

539 831 948 904 notandum
1004 831 1319 923 videtur,
1380 831 1598 906 latius
1655 848 1914 930 patere
1968 831 2202 906 verba
2258 853 2452 927 quae
2499 839 2806 922 usurpat

538 954 924 1028 TIMAEUS:
1012 979 1160 1027 non
1239 956 1671 1030 nominatim
1749 956 1846 1029 dii
1923 980 2237 1052 quorum
2312 949 2561 1056 ἔκγονοι
2633 964 2804 1022 sunt

537 1092 878 1150 auctores
935 1075 1055 1168 illi,
1112 1076 1541 1169 afferuntur,
1602 1094 1681 1152 ut
1739 1079 1930 1176 Rep.
1984 1077 2050 1150 ΙΙ
2108 1082 2258 1171 364
2316 1075 2674 1147 Musaeus
2728 1088 2804 1145 et

538 1199 886 1297 Orpheus
944 1200 1330 1273 Musarum
1385 1217 1464 1274 et
1518 1200 1775 1274 Lunae
1834 1199 1958 1273 filii
2012 1197 2523 1297 appellantur:
2582 1219 2800 1293 gene-

538 1323 753 1396 ratim
801 1323 975 1396 dicit
1020 1322 1413 1396 TIMAEUS:
1466 1323 1751 1427 ἐκγόνοις
1797 1322 1917 1427 μὲν
1966 1329 2172 1401 θεῶν
2221 1307 2397 1400 οὖσιν
2445 1364 2549 1374 -
2591 1324 2796 1396 θεῶν

532 1452 774 1524 παισίν.
803 1441 858 1542 ¹)

646 1567 1064 1664 Utrumque
1111 1566 1254 1639 hoc
1298 1566 1358 1640 si
1408 1568 1770 1641 memoria
1812 1583 2128 1658 tenetur,
2179 1591 2421 1663 aeque
2466 1565 2661 1638 bene
2697 1608 2796 1618 —

539 1716 632 1763 ne
686 1691 929 1763 dicam
1005 1688 1238 1763 multo
1313 1689 1573 1764 melius
1637 1735 1739 1745 —
1795 1692 1890 1764 de
1952 1689 2294 1764 Hesiodo
2351 1705 2431 1762 et
2483 1713 2804 1762 commu-

540 1813 727 1886 niter
797 1813 893 1886 de
947 1811 1277 1911 vulgaris
1332 1813 1788 1911 theogoniae
1843 1813 2090 1910 po'etis
2142 1811 2283 1885 dici
2336 1811 2525 1885 haec
2580 1835 2804 1907 posse

536 1936 1012 2009 statuendum
1068 1935 1361 2008 videtur
1416 1961 1504 2009 ac
1559 1936 1653 2009 de
1703 1935 2037 2032 Orpheo.
2102 1934 2301 2008 Nam
2350 1934 2410 2007 si
2456 1978 2558 1988 —
2607 1958 2804 2030 quae

533 2075 650 2132 est
724 2073 976 2131 nostra
1048 2059 1416 2131 sententia
1472 2102 1575 2113 —
1632 2058 1839 2132 verbi
1885 2055 2129 2161 ἔφασαν
2177 2056 2586 2129 subiectum
2635 2070 2804 2128 sunt

535 2181 671 2279 ipsi
731 2180 825 2253 illi
880 2180 1192 2286 εἰρηκότες
1246 2178 1616 2286 ἔμπροσθεν,
1663 2206 1915 2255 nonne
1964 2179 2350 2253 HESIODUS
2397 2179 2796 2277 Theogon.

535 2329 726 2378 vers,
788 2328 887 2396 94
941 2329 1152 2399 sqq.:

695 2429 766 2502 ἐκ
822 2421 952 2531 γὰρ
1009 2422 1364 2527 Μουσοίων,
1419 2425 1677 2522 inquit,
1733 2428 1845 2502 καὶ
1902 2424 2223 2529 ἑκηβόλου
2284 2420 2681 2514 ’Λπόλλωνος

695 2543 924 2652 ἄνδρες
979 2545 1186 2624 οἷοιδοὶ
1245 2543 1419 2625 ἔασιν
1477 2550 1572 2624 ἐπὶ
1626 2546 1838 2652 χθόνα
1895 2550 2009 2623 καὶ
2069 2546 2468 2648 κιθαρίσταιὲ
2495 2542 2549 2640 ²)

541 2672 761 2766 Quae
834 2669 1067 2743 verba
1092 2665 1146 2766 ³)
1221 2669 1280 2742 si
1354 2695 1521 2743 cum
1595 2669 1890 2743 Timaei
1944 2666 2079 2741 illis
2135 2668 2420 2772 ἐκγόνοις
2472 2666 2591 2770 μὲν
2647 2672 2800 2744 θεῶν

633 2915 684 2981 1)
725 2915 786 2965 Id
836 2914 978 2979 quod
1029 2912 1386 2963 annotandum
1437 2920 1532 2963 est.
1584 2913 1816 2963 Omnino
1868 2928 1975 2962 non
2011 2920 2249 2979 apparet,
2284 2914 2430 2980 ipsos
2466 2914 2586 2963 illos
2624 2917 2804 2978 poetas.

537 3003 604 3052 ad
640 3010 802 3051 certos
851 2999 1105 3066 quosdam
1155 2999 1281 3049 deos
1330 3016 1495 3066 genus
1545 3015 1692 3049 suum
1741 3000 1977 3049 duxisse:
2029 3001 2316 3064 generatim
2352 3017 2383 3049 a
2420 3000 2523 3049 diis
2559 3000 2804 3049 oriundos

534 3104 646 3138 esse
695 3103 751 3137 se
802 3087 1071 3137 dixerunt:
1121 3082 1359 3147 (ὅκγόνοις
1405 3084 1496 3144 μὶν
1544 3082 1654 3132 θεῶν
1704 3078 1859 3139 οὖσιν,
1909 3082 1973 3141 ὥς
2017 3080 2260 3147 ’maenum
2308 3102 2372 3135 ex
2410 3103 2516 3151 quo
2553 3087 2804 3136 TmAEus

530 3174 763 3241 (PLATO)
801 3174 974 3238 efficit,
1014 3173 1139 3223 deos
1176 3190 1352 3224 eorum
1390 3177 1655 3237 προγόνους
1692 3189 1822 3238 esse,
1864 3188 1996 3238 quos
2032 3181 2185 3223 notos
2218 3189 2330 3222 esse
2360 3172 2424 3222 iis
2456 3173 2589 3222 hanc
2609 3173 2677 3222 ob
2698 3188 2804 3223 rem

533 3261 814 3312 verisimile
851 3261 917 3311 sit
955 3256 1091 3320 (τούς
1126 3275 1203 3321 γε
1231 3256 1398 3307 αὐτῶν
1415 3260 1682 3321 προγόνους
1700 3294 1714 3307 .
1735 3285 1833 3308 .-
1852 3256 1918 3316 ὥς
1938 3256 2092 3307 οἰκεῖα
2111 3260 2402 3320 φασκόντων
2418 3255 2804 3320 ἀπαγγέλλειν)ψ

624 3350 679 3417 2)
718 3348 896 3398 Minus
936 3354 1170 3397 accurate
1208 3349 1568 3397 Parmam
1606 3348 1661 3397 in
1695 3348 2006 3414 theogoniae
2039 3347 2470 3413 interpretatione
2493 3347 2800 3398 Germanica

531 3435 837 3503 (Hesiodos.
876 3434 1050 3484 Halle.
1095 3433 1270 3500 1896),
1310 3451 1430 3500 pag.
1477 3447 1603 3496 104:

624 3554 816 3618 „Denn
854 3551 1016 3601 durch
1052 3551 1143 3600 der
1181 3550 1366 3600 Musen
1405 3551 1684 3601 Geschenk
1721 3551 1830 3600 und
1865 3551 1969 3600 den
2012 3551 2419 3602 Femhintreffer
2457 3551 2689 3618 Apollon

621 3639 849 3689 Werden
888 3655 950 3689 zu
987 3637 1419 3703 Lautenspielern
1457 3637 1542 3687 die
1582 3638 1869 3687 Menschen
1907 3639 2016 3688 und
2053 3638 2285 3704 Sangern
2322 3638 2416 3687 auf
2448 3637 2677 3688 Erden.”

624 3755 864 3806 Ceterum
908 3770 973 3804 ex
1012 3754 1262 3803 Hssslono
1298 3770 1473 3803 versus
1510 3755 1821 3804 transierunt
1858 3755 1914 3804 in
1952 3755 2202 3818 hymnum
2237 3756 2570 3805 Homericum
2603 3756 2800 3821 XXIV3

532 3838 614 3898 Εἷς
647 3838 853 3897 Μούσας
886 3838 971 3887 καὶ
1005 3839 1318 3895 Ἀπόλλωνα,
1351 3856 1452 3890 vss.
1485 3853 1536 3907 2,
1563 3853 1613 3904 3.
1636 3840 1716 3890 Cf.
1738 3841 1991 3907 GEMOLL,
2011 3842 2113 3891 Die
2134 3842 2513 3892 Homerischen
2533 3842 2800 3909 Hymnenff

678 3967 691 3982 .
961 3928 1011 3977 6.

536 3946 679 4082 paiz)
717 3940 958 4066 {fied-ii?
972 4015 1116 4081 quod
1154 4016 1433 4064 HESIODUS
1467 4013 1682 4064 deorum
1717 4030 1862 4063 suam
1901 4015 2140 4064 notitiam
2171 4031 2201 4064 a
2236 4015 2419 4080 Musis,
2450 4015 2486 4066 i.
2507 4031 2552 4065 e.
2584 4016 2650 4065 ab
2669 4015 2796 4082 ipsis

528 4105 630 4155 diis
665 4105 928 4169 accepisse
965 4119 1020 4152 se
1058 4102 1343 4167 significat:

530 4191 597 4242 cs.
635 4192 835 4257 Theog.
873 4207 974 4241 vss.
1016 4204 1101 4256 22,
1140 4202 1206 4254 23
1246 4188 1351 4255 (ed.
1393 4189 1988 4256 GozmmG-FLACH):

1009 4307 1074 4355 αἵ
1097 4304 1152 4353 νύ
1187 4305 1295 4355 ποθ’
1325 4302 1552 4354 Ἡσίοδον
1586 4304 1740 4360 καλὴν
1777 4300 2008 4369 ὶδίδαξαν
2042 4301 2225 4361 ἀοιδήν,

1010 4387 1155 4450 ἄρνας
1188 4385 1492 4448 ποιμαίνονθ’
1528 4386 1785 4443 Ἑλικῶνος
1819 4386 1917 4435 ὕπο
1955 4385 2168 4451 ζαθέοιο,

528 4507 620 4572 qui
658 4522 835 4556 versus
871 4521 989 4555 cum
1025 4505 1089 4554 iis
1129 4504 1220 4569 qui
1258 4502 1572 4553 antecedunt
1611 4502 1947 4567 comparandi
1978 4509 2127 4568 sunt3
2161 4510 2426 4568 praeterea
2443 4519 2548 4553 vss,
2569 4516 2637 4566 29
2657 4516 2792 4568 sqq.:

1003 4619 1110 4676 ‘⁸524
1141 4616 1336 4680 ’όφασαν
1372 4619 1538 4677 κοῦραι
1574 4615 1804 4679 μεγάλου
1841 4618 1958 4675 Διὸς
1991 4613 2285 4677 ἀρτιέπειαι·

1007 4703 1099 4751 καί
1127 4717 1210 4762 μοι
1246 4702 1495 4762 σκῆπτρον
1528 4696 1637 4747 ’όδον
1671 4696 1853 4762 δάφνης
1890 4695 2134 4761 ὄριθηλέος
2164 4697 2284 4765 ’ὄζον
