3717 5575
942 607 1013 696 184

406 803 518 895 illam,
568 805 692 879 verbis
737 816 803 898 τοῖς
843 805 1002 910 εἰρηκόσιν
1043 801 1218 909 ἔμπροσθεν
1261 804 1536 903 significetume

406 927 591 1023 Orpheus
618 926 887 1002 Gravissimam
911 951 994 1000 esse
1017 925 1275 1023 quaestionem
1300 928 1395 1001 hanc
1419 928 1469 1002 ad
1492 952 1538 1001 ea

406 1074 505 1148 quae
541 1049 628 1123 mihi
667 1049 855 1148 proposui,
896 1048 1130 1147 perspicuum
1158 1063 1226 1123 est.
1259 1048 1359 1123 Nam
1387 1076 1472 1123 cum
1500 1065 1538 1123 et

406 1171 524 1246 ironia
563 1172 615 1246 uti
657 1172 845 1247 Tritanum
887 1170 1115 1245 ostenderim
1157 1188 1195 1245 et
1237 1188 1430 1269 praeterea
1473 1182 1538 1264 τοῖς

406 1295 562 1396 εἰρηκόσιν
586 1294 686 1368 hisce
710 1293 881 1398 ἔμπροσθεν
906 1320 1002 1392 opus
1025 1292 1177 1391 aliquod
1200 1294 1309 1367 tribui
1330 1293 1535 1383 aTrmro,

406 1416 485 1490 sine
514 1417 627 1490 dubio
654 1416 769 1515 ipsius
797 1417 986 1490 Prrrons
1014 1432 1140 1514 partes
1161 1432 1312 1515 agente,
1331 1416 1394 1490 vix
1409 1415 1538 1514 negari

406 1538 535 1636 possit,
564 1565 639 1613 non
663 1539 786 1630 vide0,
812 1564 887 1636 quo
913 1541 1027 1613 modo
1051 1564 1135 1612 cum
1159 1538 1202 1611 iis
1221 1563 1319 1637 quae
1334 1539 1405 1612 huc
1419 1563 1537 1635 usque

407 1660 455 1734 de
483 1661 639 1758 Orpheo
668 1661 946 1758 disputaverim,
975 1687 1183 1760 congruere
1201 1660 1320 1759 possit
1343 1661 1401 1734 hic
1423 1659 1537 1751 locus,

407 1781 437 1854 si
466 1807 597 1856 revera
626 1798 813 1880 spectetur
841 1783 1036 1880 Orpheus,
1065 1800 1196 1858 contra
1222 1799 1361 1873 autem,
1392 1783 1538 1856 slvere

408 1904 502 1977 haec
538 1919 624 1978 sunt
660 1904 849 2002 disputata
885 1921 924 1979 et
961 1931 1007 1979 ex
1043 1905 1087 1978 iis
1118 1904 1339 1979 concludere
1366 1904 1462 1996 licet,
1491 1905 1538 1978 de

408 2026 564 2123 Orpheo
592 2052 803 2101 sermonem
832 2052 915 2102 esse
942 2026 1042 2101 Tim.
1069 2052 1120 2121 40
1135 2027 1184 2119 D,
1210 2053 1277 2125 per
1300 2053 1342 2101 se
1364 2028 1438 2101 iam
1463 2026 1538 2101 veri

408 2166 465 2224 est
493 2148 678 2224 dissimile.
709 2150 835 2243 Quam
864 2150 1021 2223 obrem
1052 2149 1257 2223 accuratius
1279 2149 1538 2247 inquirendum

407 2296 491 2346 esse
518 2288 620 2369 puto.

462 2394 522 2467 Ac
558 2393 678 2491 primo
711 2394 862 2491 quidem
890 2393 1096 2484 videamuS,
1126 2419 1311 2491 quaenam
1341 2394 1540 2468 afferantur

410 2531 643 2614 argumenta,
672 2542 737 2590 cur
759 2516 809 2590 ad
833 2516 1028 2613 Orpheum
1052 2516 1288 2590 referendum
1312 2541 1396 2590 esse
1418 2516 1539 2590 locum

409 2654 593 2735 putemus.
611 2637 705 2712 Sunt
721 2654 845 2712 autem
862 2638 938 2713 duo
952 2638 1204 2736 potissimum:
1221 2638 1377 2713 alterum
1387 2638 1541 2711 sumitur

409 2786 456 2835 ex
493 2759 741 2835 locutionibus
770 2760 913 2865 ἐκγόνοις
939 2759 999 2864 μὲν
1029 2765 1106 2839 θεῶν
1137 2747 1238 2852 οὖσιν,
1267 2767 1311 2854 ὡς
1339 2757 1461 2864 ἔφασαν
1489 2805 1541 2816 -

410 2889 487 2961 θεῶν
525 2891 647 2974 παισίν,
685 2909 783 2981 quae
819 2884 938 2957 verba
974 2909 1058 2956 cum
1096 2883 1176 2957 aliis
1211 2883 1302 2958 locis
1333 2883 1468 2981 quibus
1495 2883 1542 2956 de

411 3006 567 3103 Orpheo
604 3006 651 3079 sit
687 3031 810 3080 sermo
848 3006 948 3103 apud
988 3005 1207 3096 Patronem,
1247 3004 1426 3102 imprimis
1458 3030 1541 3078 cum

413 3126 571 3226 Republ.
609 3129 656 3202 II.
689 3135 764 3223 364
794 3127 826 3201 E
853 3154 951 3225 sqq.,
991 3127 1141 3201 mirifice
1178 3153 1384 3226 congruere
1419 3128 1541 3219 aiunt,

412 3250 567 3324 alterum
596 3277 619 3325 a
646 3249 882 3324 similitudine
911 3250 1061 3340 ducunt,
1091 3275 1189 3348 quae
1217 3249 1311 3323 inter
1339 3249 1541 3346 Orphicam

410 3372 653 3471 theogoniam
686 3389 725 3446 et
760 3372 906 3446 Timaei
940 3371 1010 3446 loci
1040 3372 1194 3446 deorum
1223 3371 1541 3446 enumerationem

410 3495 624 3569 intercedat.
641 3491 668 3591 1)

465 3617 580 3712 Quod
609 3617 656 3690 ad
685 3616 796 3714 prius,
826 3614 966 3689 nullum
994 3640 1086 3689 vero
1111 3614 1148 3687 id
1170 3615 1322 3713 quidem
1348 3641 1543 3713 argumen-

412 3757 490 3815 tum
527 3755 595 3813 est.
636 3737 736 3813 Nam
774 3738 858 3812 licet
895 3737 973 3810 iure
1007 3737 1193 3834 vituperet
1230 3739 1377 3812 Wmm
1405 3737 1544 3812 Surr-

411 3886 585 3937 Bnunssuu
609 3861 712 3960 quod
735 3859 1000 3958 interpretandi
1023 3885 1136 3934 causa
1161 3860 1292 3934 aflerat
1314 3858 1409 3934 tales
1427 3859 1541 3952 locos,

413 3983 533 4084 qualis
570 3999 626 4058 est
664 3982 804 4057 Phileb.
850 3989 894 4056 16
924 3982 983 4055 D:
1022 3986 1077 4060 >toti
1114 3986 1144 4059 oi
1178 3981 1238 4084 μὲν
1276 3990 1422 4083 παλαιοί,
1446 3990 1547 4086 κρείτ·

411 4138 499 4199 τονες
534 4111 629 4209 ἡμῶν
668 4108 728 4182 καὶ
763 4106 921 4208 ἐγγυτέρω
960 4108 1038 4181 θεῶν
1072 4109 1241 4194 οἰκοῦντες,
1275 4099 1397 4193 ταύτην
1432 4106 1545 4207 φήμην

412 4229 608 4334 παρέδοσαν,
651 4253 736 4301 cum
777 4225 827 4300 ibi
869 4227 917 4300 de
955 4226 1109 4300 deorum
1136 4223 1245 4322 filiis
1280 4224 1433 4299 omnino
1471 4251 1546 4300 non

415 4347 601 4450 agatur,')
629 4349 665 4423 in
685 4349 841 4424 similem
867 4349 898 4422 is
921 4347 1046 4422 incidit
1071 4372 1245 4429 errorem.
1270 4373 1384 4444 quem
1409 4347 1547 4422 Scant-

460 4580 547 4647 1)Cl.
567 4579 682 4645 Wrnrn,
700 4579 752 4629 0.l.
772 4595 832 4644 pag.
855 4590 887 4627 ro
905 4592 965 4643 sqq.

459 4667 487 4734 2)
505 4666 557 4717 o.l.
576 4682 636 4731 pag.
659 4679 703 4715 ro:
724 4665 884 4731 ,Stallbaum
903 4669 1063 4728 verwiissert,
1082 4662 1171 4712 iridem
1189 4677 1217 4711 er
1235 4662 1321 4727 einige
1340 4662 1440 4713 Stellen
1455 4663 1548 4729 zitiert,
