3717 5575
997 653 1068 723 140

464 823 562 897 idem
587 823 724 898 sactum
748 825 912 902 alludere
935 828 1093 918 videtur,
1119 827 1270 901 omnino
1294 827 1421 900 abest:
1438 827 1473 899 in
1492 826 1592 923 Apo·

464 1134 505 1183 im
530 1134 722 1199 Gegensatz
746 1150 801 1182 zur
818 1133 1130 1199 Symposionstelle
1152 1132 1204 1182 als
1222 1132 1277 1182 ein
1296 1130 1426 1181 Beweis
1444 1146 1508 1180 von
1526 1131 1594 1180 Mut

462 1219 648 1286 angeliihrt
672 1219 769 1285 wird,
791 1219 838 1269 aul
859 1218 910 1269 Ο.”
938 1219 1043 1269 Scilicet
1064 1220 1180 1270 Wsusm
1204 1227 1243 1268 est
1261 1219 1362 1283 vitium,
1380 1217 1453 1282 quod
1470 1216 1593 1282 neglexit,

462 1322 494 1356 ea
512 1322 579 1371 quae
598 1307 626 1356 in
642 1306 780 1371 Symposio
798 1305 928 1372 leguntur,
947 1323 1001 1356 non
1020 1307 1073 1356 dici
1091 1322 1107 1355 a
1125 1305 1259 1370 Βοοιιιτι,
1277 1304 1323 1354 sed
1341 1321 1356 1354 a
1371 1304 1514 1353 ΡΗΑιῠιο.

507 1393 642 1443 Praeterea
665 1408 726 1442 vero
751 1408 817 1457 quae
842 1393 875 1442 de
899 1409 985 1459 causa,
1004 1409 1049 1443 cur
1064 1393 1097 1442 ad
1115 1393 1212 1442 inferos
1232 1391 1394 1442 descenderit
1413 1389 1543 1455 Orpheus,
1561 1405 1592 1439 ex

462 1479 598 1528 Patronis
622 1479 708 1528 verbis
732 1478 825 1529 elicere
848 1489 958 1530 conatur
983 1480 1098 1545 Wusuu,
1123 1495 1177 1529 non
1195 1486 1264 1529 recte
1282 1478 1346 1528 mihi
1365 1477 1458 1527 elicere
1476 1475 1591 1525 videtur:

460 1565 601 1615 scilicet
626 1565 810 1615 tenendum
836 1575 904 1631 est,
928 1582 1025 1631 quam
1043 1567 1084 1615 ob
1103 1582 1167 1616 rem
1185 1566 1239 1615 hic
1259 1565 1387 1629 Orphei
1407 1562 1592 1628 exemplum

461 1650 641 1701 afferatur:
667 1667 721 1701 non
740 1652 846 1702 affertur
865 1660 893 1702 ut
912 1661 1034 1717 carpatur
1051 1653 1098 1702 ille
1116 1681 1151 1690 -
1169 1652 1198 1702 id
1216 1651 1288 1717 quod
1306 1652 1358 1701 iam
1376 1666 1407 1701 ex
1426 1666 1458 1700 eo
1476 1657 1593 1715 apparet,

462 1738 534 1802 quod
552 1754 606 1787 non
625 1738 695 1788 solus
714 1747 929 1789 commemoratur
948 1739 1079 1805 Orpheus,
1098 1739 1144 1789 sed
1163 1755 1214 1788 una
1232 1754 1291 1789 cum
1310 1739 1378 1802 aliis,
1392 1738 1437 1803 qui
1451 1738 1524 1802 carpi
1539 1752 1592 1786 non

461 1832 596 1889 poterant:
615 1820 708 1871 πολλοὶ
725 1820 754 1879 tt
773 1820 871 1881 ἑκόντες
889 1822 1011 1880 ἠθέλησαν
1028 1822 1064 1881 eie
1080 1821 1170 1873 (Ἃιδου
1188 1819 1266 1875 latras
1283 1853 1329 1890 -,
1341 1825 1387 1875 sed
1397 1824 1593 1887 utostendatur,

461 1918 560 1975 quanto
578 1912 661 1976 magis
680 1911 846 1977 philosophis
863 1928 932 1961 mors
948 1913 1070 1962 obeunda
1084 1914 1127 1978 sit,
1142 1913 1238 1978 quibus
1253 1921 1326 1962 tanto
1341 1912 1423 1961 maius
1431 1910 1594 1976 propositum

461 1998 494 2047 sit
512 1999 669 2062 praemium:
688 1999 777 2064 itaque
792 2007 877 2049 utrum
893 2014 983 2049 revera
999 2000 1120 2065 Orpheus
1135 2000 1203 2050 banc
1213 2000 1248 2048 ob
1257 2014 1311 2050 rem
1321 1997 1493 2063 descenderit,
1502 2011 1594 2061 necne,

460 2084 527 2134 nihil
551 2085 579 2134 id
602 2086 738 2135 Puerorus
761 2085 839 2135 refert
857 2086 906 2135 hoc
925 2087 1000 2135 loco:
1019 2087 1053 2136 in
1072 2085 1189 2136 fabula
1206 2094 1270 2151 erat,
1289 2085 1423 2150 Orpheum
1440 2092 1469 2134 ut
1488 2098 1593 2133 uxorem

461 2179 633 2238 recuperaret,
654 2172 688 2221 ad
706 2171 802 2221 inferos
821 2172 997 2239 descendisse,
1016 2173 1044 2222 id
1062 2173 1134 2238 quod
1152 2189 1206 2223 non
1225 2173 1354 2238 ignaviae,
1372 2171 1418 2222 sed
1433 2170 1594 2220 fortitudinis

459 2258 616 2308 habebatur:
635 2259 670 2308 ad
688 2258 836 2308 fabulam
854 2266 941 2308 autem
955 2259 1023 2308 banc
1037 2268 1065 2309 ut
1081 2259 1241 2309 demonstret
1257 2258 1384 2324 quaesibi
1394 2256 1594 2307 demonstranda

461 2345 558 2410 posuit,
577 2344 671 2394 alludit
691 2345 797 2394 Pharo:
816 2344 929 2409 amplius
948 2344 1023 2394 nihil.
1043 2344 1085 2394 Ad
1103 2346 1239 2395 Pleuronis
1255 2345 1288 2394 de
1308 2344 1415 2410 Orpheo
1434 2358 1592 2409 cognoscen-

460 2430 522 2479 dum
540 2431 665 2480 iudicium
684 2430 751 2480 nihil
769 2431 843 2480 affert
861 2431 904 2480 hic
923 2430 1005 2497 locus,
1024 2432 1119 2481 nedum
1137 2447 1205 2497 quae
1219 2432 1324 2481 Wuuuu
1340 2431 1420 2483 elicit.
1437 2432 1528 2496 ltaque
1544 2445 1592 2481 nec

460 2515 595 2582 intellego,
613 2517 660 2582 qui
679 2517 797 2566 dubitare
816 2517 899 2582 possit
920 2518 1024 2567 Wsurtt
1042 2526 1127 2567 utrum
1146 2534 1179 2568 ex
1198 2518 1290 2583 populi
1306 2518 1497 2568 narrationibus
1512 2533 1545 2568 an
1560 2532 1593 2566 ex

461 2612 553 2667 poetae
571 2603 681 2653 alicuius
701 2604 813 2653 carmine
832 2603 935 2652 noverit
954 2604 1045 2653 ΡιΑτο
1066 2604 1166 2669 Orphei
1185 2605 1336 2655 descensum
1353 2605 1387 2655 ad
1405 2604 1502 2655 inferos
1520 2601 1592 2668 (pag.

461 2701 507 2752 37:
535 2689 656 2752 ,Kennte
682 2690 774 2738 Platon
799 2689 842 2738 die
868 2688 1027 2739 Hadesfshrt
1050 2690 1096 2739 des
1118 2690 1150 2740 0.
1169 2691 1207 2741 als
1226 2690 1285 2741 eine
1304 2690 1449 2756 Vollrssage
1467 2690 1530 2739 oder
1547 2704 1593 2739 aus

459 2775 532 2826 einer
561 2776 753 2828 dichterischen
781 2775 972 2842 Bearbeitungi
999 2777 1103 2828 Hschst
1130 2777 1347 2829 wahrscheinlich
1373 2794 1418 2828 aus
1446 2777 1593 2844 poetiseher

461 2862 596 2925 Quelle.”)

504 2951 597 2999 Primo
622 2950 692 3000 enim
716 2966 783 3016 quae
802 2950 829 3000 in
849 2949 988 3000 Phaedone
1007 2951 1129 3016 leguntur
1147 2959 1173 3001 et
1192 2967 1223 3001 ea
1241 2952 1353 3017 quaein
1373 2951 1510 3016 Symposio
1529 2951 1593 3000 dicit

459 3038 616 3103 Passum,
641 3054 673 3087 ex
697 3038 789 3088 eodem
814 3037 888 3087 {onte
914 3037 1026 3103 fluxisse,
1047 3038 1092 3087 via
1110 3038 1235 3088 credibile
1255 3047 1307 3088 est:
1327 3046 1396 3089 certe
1414 3040 1521 3088 omnino
1539 3054 1592 3087 non

459 3133 606 3190 congruunt
624 3126 692 3175 inter
710 3141 747 3175 se.

502 3211 604 3260 Deinde
622 3221 706 3261 autem
726 3211 772 3261 illa
790 3211 822 3261 de
841 3211 950 3277 Orpheo
969 3211 1065 3278 sabula,
1081 3227 1158 3276 quam
1175 3211 1203 3261 in
1219 3211 1358 3261 Phaedone
1367 3212 1479 3277 spectari
1489 3212 1593 3261 Wmu

458 3297 532 3361 dicit,
549 3298 586 3346 ita
604 3305 659 3347 erat
676 3299 704 3348 in
723 3299 817 3363 vulgus
835 3306 907 3364 nota,
926 3307 954 3348 ut
975 3306 1045 3348 certo
1065 3297 1179 3363 quodam
1199 3298 1271 3348 fonte
1290 3298 1591 3348 usumesseron

459 3384 565 3433 omnino
585 3400 637 3433 non
656 3386 690 3435 sit
708 3400 823 3435 necesse.

503 3470 624 3520 Ceterum
649 3472 720 3535 quod
745 3472 849 3521 Wssrcn
874 3472 986 3537 primum
1012 3486 1039 3520 se
1065 3470 1277 3520 animadvertisse
1296 3477 1380 3537 putat,
1397 3470 1478 3519 alludi
1497 3470 1539 3519 hic
1557 3469 1592 3519 ad

460 3557 594 3623 Orpheum
611 3556 683 3623 [pag.
700 3569 747 3621 37:
767 3558 856 3621 ,Auch
874 3558 901 3608 in
918 3558 990 3608 einer
1006 3557 1124 3622 zweiten,
1139 3557 1248 3605 soviel
1264 3557 1316 3607 ich
1332 3558 1424 3621 sehe,
1440 3558 1493 3608 bis
1505 3558 1591 3622 jetzt

459 3645 555 3694 nicht
580 3645 785 3694 beachteten
810 3645 921 3695 Stelle
940 3644 1020 3710 spielt
1038 3659 1066 3693 er
1084 3643 1131 3692 aui
1146 3643 1184 3693 sie
1202 3659 1244 3693 an.
1264 3644 1369 3694 Phidon
1389 3660 1416 3710 p.
1436 3643 1504 3694 68A
1523 3645 1591 3695 heist

458 3730 503 3780 es”
523 3731 603 3797 sqq.],
621 3732 650 3781 in
668 3731 709 3780 his
728 3746 834 3796 quoque
852 3738 927 3781 errat.
947 3732 1002 3779 lam
1021 3730 1167 3778 Woliuuss
1185 3728 1305 3795 (Platons
1320 3730 1452 3780 Phaedon.
1474 3732 1526 3780 Fur
1540 3731 1592 3781 den

459 3817 670 3883 Schulgebrauch
688 3818 793 3868 erklirt.
814 3818 930 3883 Leipzig.
951 3817 1074 3866 Teubner
1097 3814 1176 3882 1879)
1194 3817 1228 3866 ad
1246 3817 1333 3866 locurn
1352 3818 1500 3867 annotavit:
1522 3820 1592 3881 ,An-

458 3904 581 3970 spielung
605 3905 653 3954 auf
673 3904 716 3953 die
734 3904 820 3969 Sagen
839 3919 891 3953 von
912 3903 1029 3952 Alkestis
1049 3902 1103 3951 und
1123 3902 1257 3967 Admetus,
1276 3903 1433 3968 Orpheus
1452 3904 1518 3953 und
1536 3904 1593 3953 Eu-

457 3990 594 4056 rydike,
609 3991 726 4041 Achilles
741 3990 796 4040 und
811 3989 956 4053 Patroklos,
971 3989 1014 4038 die
1031 3988 1125 4040 Platon
1141 3989 1207 4038 auch
1223 3988 1259 4038 im
1268 4005 1352 4054 symp.
1365 4001 1415 4054 179
1425 3991 1450 4038 D
1460 3988 1593 4041 berilhrt.’'

502 4077 623 4127 Ceterum
648 4093 737 4127 eorum
762 4078 809 4142 qui
827 4077 860 4126 de
881 4075 988 4141 Orpheo
1007 4075 1078 4140 apud
1097 4076 1249 4125 Peirossos
1268 4085 1466 4126 commemorato
1485 4078 1593 4141 scripse·

458 4172 518 4214 runt
545 4165 567 4213 si
592 4166 638 4230 qui
662 4165 825 4230 neglexerint
850 4164 919 4212 hunc
945 4163 1041 4228 locum,
1059 4177 1112 4211 non
1132 4169 1172 4211 est
1190 4162 1328 4212 admodum
1347 4164 1449 4230 mirum,
1467 4179 1526 4213 cum
1544 4178 1596 4213 una

458 4267 488 4301 ex
515 4260 588 4317 parte
613 4253 646 4302 ad
670 4253 806 4302 Pmroms
830 4253 862 4302 de
881 4250 989 4315 Orpheo
1014 4249 1139 4299 iudicium
1163 4251 1374 4313 cognoscendum
1393 4252 1436 4300 vir
1454 4251 1596 4316 quicquam

458 4353 516 4388 eum
535 4339 624 4389 afferre
643 4355 720 4405 supra
739 4340 790 4389 iam
809 4339 843 4389 sit
859 4337 1074 4401 demonstratum,
1090 4336 1172 4385 altera
1187 4351 1249 4385 vero
1265 4352 1296 4385 ex
1312 4346 1385 4402 parte
1400 4338 1508 4386 omnino
1524 4353 1596 4386 con·

456 4433 547 4475 stare
566 4442 620 4485 non
640 4427 765 4485 videatur,
783 4427 815 4475 ad
837 4424 972 4489 Orpheum
991 4423 1034 4472 hic
1052 4422 1134 4472 alludi
1154 4421 1198 4487 [cf.
1220 4423 1323 4472 Gnuulu
1342 4425 1430 4488 verba,
1448 4439 1526 4489 supra
1543 4422 1597 4472 lau-

457 4511 531 4561 data:
558 4529 626 4576 ,was
651 4514 773 4578 ubrigens
792 4511 866 4563 nicht
885 4510 970 4560 sicher
987 4508 1060 4575 ist''],
1078 4508 1170 4558 saltem
1189 4524 1242 4558 non
1261 4510 1367 4560 solum
1386 4510 1429 4559 hic
1448 4510 1596 4576 significari.

459 4597 502 4647 Sic
527 4598 663 4663 Sensim,
686 4599 749 4649 Eth.
776 4599 802 4648 d.
821 4598 865 4648 alt.
886 4597 931 4647 Gr.
951 4596 972 4645 1.
993 4612 1052 4661 pag.
1075 4606 1123 4658 103
1143 4595 1176 4644 ad
1195 4595 1279 4660 ipsius
1298 4597 1433 4647 thouis
1452 4605 1596 4662 temporum

457 4685 673 4735 consuetudinem
698 4685 784 4734 locum
809 4684 912 4733 videtur
939 4682 1045 4732 referre:
1074 4681 1167 4744 ,Vicle
1189 4682 1351 4749 uilnschten,
1369 4684 1418 4733 wie
1436 4685 1463 4733 in
1482 4680 1597 4733 Platon’s
