3717 5575
854 666 901 742 27

308 860 347 917 et
373 844 469 918 hanc
497 845 649 919 obrem
674 845 736 943 qui
758 845 808 920 ad
833 872 902 921 nos
915 847 1085 921 venerint
1108 845 1247 945 dialogi
1261 849 1444 923 exotericz’

307 966 367 1063 qui
395 966 565 1041 dicuntur
592 982 717 1042 essent
744 970 914 1066 putandi.
926 965 955 1067 ¹)

364 1088 472 1162 Haec
499 1089 529 1163 si
556 1114 645 1163 vera
674 1107 810 1181 essent,
839 1115 970 1165 verum
1001 1090 1164 1166 Platonis
1187 1092 1236 1166 de
1258 1092 1441 1191 prioribus

309 1208 539 1309 philosophis
566 1211 738 1285 iudicium
766 1238 813 1286 ex
836 1212 1011 1310 operibus
1034 1214 1134 1288 hisce
1156 1213 1340 1288 enucleari
1365 1239 1440 1288 non

309 1346 446 1429 posset.
465 1331 648 1407 Attamen
662 1350 749 1431 post
762 1333 1168 1410 scmmmmcnmm
1178 1361 1309 1410 omnes
1318 1361 1440 1435 paene

309 1453 374 1527 viri
410 1453 511 1528 docti
548 1453 662 1530 talem
693 1457 906 1553 opinionem
936 1459 1068 1533 merito
1095 1454 1349 1556 reiecerunt.³)
1379 1458 1438 1550 lis,

308 1601 405 1673 quae
429 1602 492 1650 cur
516 1575 609 1651 salsa
633 1578 816 1653 habeatur
835 1580 944 1655 affert
958 1581 1118 1673 Zunnure,
1129 1577 1156 1679 ³)
1170 1581 1310 1655 addam
1323 1581 1439 1655 haec:

368 1694 410 1773 1⁰.
441 1700 527 1797 Ipse
555 1698 683 1774 Pmro
710 1702 927 1801 saepissime
951 1702 1108 1778 ludibrio
1132 1704 1246 1777 habet
1264 1728 1440 1777 arcanam

309 1816 408 1894 illam
432 1837 470 1895 et
494 1839 676 1897 secretam
697 1822 854 1899 aliorum
875 1868 927 1880 -—
949 1826 1198 1923 sophistarum
1214 1826 1374 1899 maxime
1389 1869 1441 1881 —

309 1943 521 2041 disputandi
534 1947 853 2040 consuetudinem,
869 1949 931 2047 qui
948 1949 1092 2022 nonnisi
1103 1950 1276 2023 mercede
1285 1964 1441 2046 accepta

309 2066 498 2157 docerent,
526 2083 565 2142 et
592 2068 736 2143 maiora
764 2071 915 2168 quidem
950 2071 1091 2145 maiore
1119 2070 1287 2170 pecunia.
1318 2071 1440 2169 Argu·

310 2204 437 2262 mento
463 2205 550 2264 sunt
577 2189 688 2264 haec:

363 2310 521 2386 Theaet.
566 2334 636 2406 152
655 2311 708 2386 C:
744 2309 810 2418 Ἀρ’
839 2300 896 2392 οὖν
928 2316 1005 2420 πρὸς
1032 2322 1179 2420 Χαρίτων
1206 2314 1367 2419 πασσορές
1395 2348 1442 2407 τις

310 2424 350 2518 ἦν
377 2441 396 2510 ὁ
423 2433 655 2539 Πρωταγόρας,
693 2442 750 2514 καὶ
785 2444 877 2513 τοῦτο
905 2441 986 2539 ἡμῖν
1013 2435 1073 2540 μὲν
1100 2439 1234 2540 iuriam
1260 2452 1304 2544 τῷ
1331 2444 1440 2540 πολλῷ

310 2570 462 2659 συρφετῷ,
484 2565 550 2648 τοῖς
574 2555 610 2635 di
632 2563 796 2661 μαθηταῖς
819 2559 851 2635 ἐν
875 2557 1043 2664 ἀπορρήτῳ
1066 2560 1125 2647 τὴν
1149 2559 1306 2646 ἀλήθειαν
1320 2557 1440 2664 ileum,

313 2675 398 2750 Hoc
426 2675 509 2751 loco
537 2678 575 2752 id
602 2679 722 2778 ipsum
751 2679 932 2773 irridetur,
962 2683 1064 2779 quod
1092 2681 1289 2757 Platonem
1313 2683 1442 2756 iecisse

311 2815 444 2896 putant
471 2800 520 2874 illi
549 2802 615 2876 viri
643 2803 754 2896 docti,
785 2803 933 2901 quicum
956 2830 1015 2879 res
1038 2805 1126 2879 mihi
1149 2805 1441 2904 esthocloc0.⁴)

307 3063 370 3129 lich,
394 3064 472 3114 theils
490 3080 535 3115 um
553 3063 609 3114 sich
628 3063 743 3114 dadurch
761 3064 869 3129 wichtig
887 3080 918 3113 zu
937 3065 1057 3131 macheu,
1075 3065 1153 3116 theils
1172 3081 1219 3116 aus
1238 3065 1370 3132 Vorsicht,
1388 3066 1440 3117 den

309 3151 485 3216 cigentlichen
509 3151 575 3202 Sinn
601 3151 655 3202 und
680 3152 905 3217 Zusammenhnug
930 3152 1016 3203 seiner
1039 3153 1124 3203 Lehre
1148 3153 1177 3202 in
1202 3153 1293 3203 seinen
1312 3153 1442 3204 Schriften

306 3238 459 3304 verborgen,
478 3238 532 3288 uud
550 3237 597 3287 ibn
612 3254 661 3288 nur
677 3238 712 3288 im
727 3238 866 3303 gebeimen
882 3246 1057 3289 vertrauteren
1067 3239 1194 3290 Schitleru
1204 3239 1443 3306 auigeschlossen.”

355 3323 381 3391 1)
400 3322 441 3375 Cs.
460 3340 483 3374 e.
493 3340 519 3389 g.
535 3325 701 3390 Unutawm,
718 3324 963 3391 Untersuchungen,
978 3340 1038 3389 pag.
1055 3323 1086 3375 8:
1098 3361 1104 3374 .
1115 3362 1122 3375 .
1133 3361 1140 3374 .
1151 3325 1255 3389 ,sosern
1264 3326 1442 3377 Tmumattu

309 3409 351 3459 die
374 3410 555 3460 sdmmtlicheu
579 3410 731 3461 erhaltenen
756 3410 886 3462 Schriften
911 3410 1027 3462 Pmo's
1050 3412 1092 3462 fiir
1110 3412 1257 3462 exoterisch
1276 3413 1330 3463 und
1350 3418 1444 3479 propii-

301 3497 418 3548 deutisch
437 3496 572 3548 halt....”

354 3583 382 3651 2)
400 3586 519 3651 Znntun,
536 3585 587 3635 ll:
604 3586 748 3649 ,ludessen
763 3585 851 3635 wurde
867 3585 939 3635 diese
950 3584 1119 3649 Vorstelluug
1129 3586 1178 3636 seit
1189 3586 1443 3637 Semnumcunn

310 3672 357 3721 mit
374 3672 460 3722 Recht
477 3672 528 3722 last
544 3672 684 3738 allgemeiu
702 3669 861 3722 verlassen.'‘
880 3671 948 3721 Vide
967 3671 1066 3721 ibidem
1084 3672 1275 3724 annotationes.

356 3758 439 3825 ³)1·¹·
459 3775 536 3824 pesa·
555 3757 706 3823 484-487·

354 3844 384 3913 4)
402 3847 520 3898 Annotat
538 3846 683 3897 Womnu
698 3846 726 3895 in
738 3844 874 3895 Theaeteti
883 3845 999 3896 editione
1009 3846 1091 3896 altera
1100 3845 1228 3912 (Lipsiae,
1236 3848 1339 3897 Teubu.
1352 3846 1441 3916 1890:

310 3927 457 3992 ,πάσσοφος
474 3932 500 3982 h.
513 3931 532 3982 1.
550 3933 702 3998 Protagoras
721 3931 816 3981 dicitur
835 3938 943 3996 propter
960 3932 1139 3999 calliditatem,
1159 3949 1210 3998 qua
1229 3950 1288 3983 cum
1306 3934 1443 4000 discipulis

310 4032 403 4071 arcana
427 4017 524 4083 placita
547 4033 593 4068 sua
615 4017 825 4082 communicavit,
843 4017 1006 4068 multitudini
1024 4026 1111 4069 autem
1129 4019 1279 4069 occultavit.
1298 4020 1442 4070 Publice

310 4105 396 4154 enim
419 4103 545 4154 docens
569 4105 608 4154 ad
632 4103 808 4168 vulgarem
831 4119 965 4154 sensum
990 4121 1250 4171 sermonemque
1269 4121 1303 4156 se
1321 4122 1443 4156 accom-

310 4192 446 4244 modans
472 4191 626 4260 (exsistendi
653 4192 760 4241 verbum
783 4191 911 4259 retinuit),
936 4193 1098 4258 privatim
1122 4191 1314 4259 (exsistentiam
1338 4209 1444 4258 prorsus

310 4277 426 4345 sustulit)
428 4315 520 4329 ......

348 4362 458 4429 ᾐνίξατο.
481 4367 633 4431 Protagoras
658 4366 783 4431 perplexa
807 4364 924 4415 emtione
948 4366 1051 4416 videtur
1075 4382 1137 4416 usus
1159 4382 1217 4417 esse
1241 4367 1373 4433 plenaque
1393 4368 1440 4416 ob·

310 4455 447 4505 scuritatis.
467 4453 508 4504 Ci.
527 4454 560 4503 nd
579 4470 606 4519 p.
628 4466 678 4518 194
688 4454 719 4504 C.

349 4539 403 4596 τοῖς
426 4536 454 4587 ii
476 4535 608 4598 illimis.
637 4542 673 4593 Ut
699 4540 809 4592 aliorum
834 4540 1061 4607 philosophorum,
1084 4541 1121 4590 ita
1146 4542 1301 4607 Protagorae
1325 4540 1445 4591 doctrina

310 4630 417 4680 interior
436 4629 574 4695 discipulis
593 4628 687 4679 tradita
701 4628 865 4679 sermonibus
878 4635 980 4678 secreto
989 4627 1086 4677 habitis
1095 4627 1264 4696 distinguitur
1273 4629 1307 4678 ab
1316 4628 1444 4680 exteriore

312 4722 338 4771 et
356 4717 478 4788 populari
489 4753 512 4770 ..
524 4753 530 4769 .
541 4706 566 4768 .'’
586 4712 653 4769 Vide
672 4722 758 4767 tamen
776 4731 844 4785 quae
862 4714 1002 4767 adduntur.
