3717 5575
865 664 911 735 25

325 838 399 913 die
426 838 792 914 ausilihrlichste
821 839 1079 915 Kenntniss
1096 841 1231 940 jener
1253 841 1451 916 Zeiten.''

326 961 433 1036 Haec
460 963 529 1037 etsi
551 964 587 1036 in
612 963 739 1061 primis
761 964 810 1037 ad
835 962 1027 1061 Cratylum
1046 963 1242 1060 pertinent,
1258 965 1307 1039 de
1321 966 1454 1039 ceteris

324 1110 474 1182 quoque
501 1085 660 1183 dialogis
688 1086 846 1160 dicenda
873 1101 970 1161 sunt.
1001 1086 1190 1160 Pnnrorus
1217 1089 1265 1161 de
1289 1088 1453 1185 priorum

322 1207 496 1282 doctrinis
530 1208 701 1282 iudicium
738 1225 795 1282 est
822 1207 1093 1301 illustrandum,
1122 1209 1189 1283 sed
1219 1208 1388 1284 illustrari
1416 1226 1454 1285 et

321 1330 497 1427 cognosci
525 1355 600 1404 non
628 1346 752 1428 potest
780 1331 851 1404 hoc
879 1330 1062 1423 iudicium,
1087 1330 1155 1404 nisi
1179 1332 1342 1429 priorum
1366 1333 1452 1406 doc·

320 1452 434 1526 trinas
459 1467 633 1528 accurate
660 1454 742 1550 quis
768 1469 908 1544 teneat,
920 1449 947 1550 ¹)
976 1469 1013 1527 et
1041 1454 1173 1527 harum
1200 1455 1452 1529 doctrinarum

321 1572 509 1648 Pnnrorus
536 1601 652 1673 opera
680 1601 803 1650 rursus
832 1576 971 1674 primus
997 1591 1083 1650 sunt
1110 1576 1212 1652 lons!

376 1701 410 1772 8.
442 1698 648 1797 Rogaverit
685 1698 881 1796 quispiam,
920 1723 1008 1772 num
1037 1698 1169 1773 harum
1197 1696 1453 1774 difficultatum

322 1817 459 1893 nullam
501 1821 657 1895 senserit
698 1822 825 1895 Pnnao
863 1819 1027 1919 nihilque
1065 1821 1113 1896 de
1151 1819 1219 1894 illis
1256 1822 1451 1919 scripserit.

322 1941 550 2040 Respondeo
574 1943 715 2042 optime
739 1944 889 2041 quidem
913 1941 1016 2017 illum
1031 1943 1202 2036 sensisse,
1218 1960 1257 2018 et
1270 1969 1454 2042 apparere

319 2065 390 2138 hoc
413 2090 460 2138 ex
484 2066 537 2158 iis,
561 2091 659 2163 quae
683 2066 887 2140 admodum
910 2067 1267 2140 commemoratione
1288 2067 1403 2165 digna
1417 2067 1454 2140 in

320 2185 566 2285 Theaeteto')
603 2188 758 2286 scripsit,
796 2213 880 2262 cum
914 2187 1167 2263 Theaetetum
1205 2188 1370 2262 Soemm
1398 2214 1453 2263 ro·

318 2309 440 2407 ganti:
476 2318 581 2388 ταῦτα
618 2312 677 2400 δή,
714 2300 739 2386 ἶ)
774 2317 943 2413 Θεαίτητι,
970 2300 1025 2414 ἆρ’
1053 2311 1137 2395 nota
1165 2314 1257 2388 δοκεῖ
1281 2342 1330 2389 σοι
1358 2309 1453 2413 εἶναι,

320 2438 376 2508 καὶ
412 2427 519 2535 peinis
546 2430 587 2511 ἂν
617 2428 723 2511 αὐτῶν
750 2437 794 2526 ὡς
821 2431 1043 2538 οἷρεσκόντονς
1070 2432 1165 2507 haec
1192 2431 1278 2507 facit
1305 2458 1454 2531 respon·

320 2552 493 2627 dentem:
523 2549 593 2632 Οὐκ
621 2552 698 2632 οἶδα
726 2550 840 2658 ἔγωγε,
869 2543 894 2630 <Tr
921 2553 1106 2659 Σώκρατες·
1135 2550 1322 2658 καὶγὰρ
1352 2552 1454 2633 οὐδὲ

320 2681 414 2780 περὶ
462 2682 538 2753 σοῦ
587 2670 790 2778 δύναμαι
837 2689 1144 2778 κατανοῆσαι,
1190 2675 1351 2783 πότερα
1392 2680 1453 2755 δο-

323 2797 489 2879 κοῦντά
514 2830 581 2878 σοι
602 2801 749 2902 λέγεις
774 2794 885 2878 αὐτοὶ
908 2799 930 2883 ἢ
955 2802 1061 2903 ἐμοῦ
1084 2796 1351 2905 οἷποπειρᾷ.3)
1377 2800 1453 2875 No-

319 2923 473 2996 tandum
497 2947 588 2996 vero
612 2937 680 3013 est,
697 2922 906 2996 Punaortuu
920 2922 993 2995 hoc
1006 2920 1091 2995 loco
1107 2920 1362 2996 difficultatem
1378 2947 1454 2996 non

318 3043 493 3136 solvisse3
532 3069 619 3119 nam
654 3045 826 3141 quamvis
862 3060 951 3143 apte
984 3044 1170 3141 quadrent
1197 3069 1243 3118 ea
1272 3069 1371 3141 quae
1398 3071 1454 3119 se·

318 3166 515 3265 quuntur⁴)
548 3167 584 3240 in
611 3165 816 3241 Socnaaau
844 3167 999 3264 eiusque
1022 3166 1236 3265 disputandi
1259 3182 1453 3241 consuetu·

363 3411 389 3479 1)
414 3410 455 3462 Cf.
486 3411 630 3462 numm
653 3411 715 3461 ol
740 3426 800 3477 pag.
828 3422 892 3475 132:
919 3410 1002 3476 „auch
1030 3409 1183 3461 Aristoteles
1209 3410 1255 3460 hat
1281 3409 1324 3460 die
1350 3409 1449 3460 tltereu

316 3498 494 3566 Philosophen
523 3498 623 3564 tlichtig
654 3498 748 3548 studirt
778 3497 833 3548 und
863 3503 931 3564 αἰαῖ
965 3497 1008 3548 die
1035 3498 1151 3548 Beweise
1179 3497 1263 3547 daron
1289 3497 1350 3547 weit
1377 3496 1455 3546 sicht-

315 3586 389 3637 borer
416 3603 461 3637 zur
490 3586 574 3637 Schau
603 3586 642 3636 als
667 3585 750 3652 Pluto,
773 3586 817 3636 bei
840 3585 899 3635 dem
923 3600 984 3635 man
1009 3585 1081 3635 nicht
1104 3584 1163 3634 blos
1185 3584 1228 3633 die
1253 3584 1363 3651 Numen,
1390 3597 1450 3633 sou·

317 3673 381 3724 dem
405 3673 471 3724 auch
496 3673 548 3724 den
573 3672 648 3723 Geist
672 3673 727 3722 und
745 3672 787 3723 die
807 3671 958 3738 Principien
978 3673 1064 3722 seiuer
1082 3671 1234 3737 Vorgituger
1251 3671 1356 3722 kenneu
1375 3686 1455 3738 muso,

316 3776 359 3810 um
377 3761 433 3811 sich
451 3777 482 3810 zu
500 3760 672 3825 ssberzeugen,
690 3759 749 3809 dass
768 3758 822 3809 und
841 3759 890 3808 wie
909 3759 992 3810 etsie
1012 3758 1128 3823 gekanut
1147 3756 1241 3808 habe'’.

361 3847 389 3913 a)
411 3857 459 3911 157
474 3847 504 3898 C.

361 3933 390 4001 3)
408 3933 448 3984 Cf.
473 3940 607 3999 praetereo
631 3931 895 3998 Smstmuncnn,
911 3930 1021 3981 Theaet.
1040 3930 1111 3980 Εἰμὶ.
1129 3946 1157 3996 p.
1179 3927 1228 3980 126
1247 3929 1279 3979 de
1295 3929 1454 3981 Theaeteto:

318 4021 430 4085 „Feruer
453 4037 488 4071 an
512 4020 646 4070 mehreren
671 4019 772 4069 Stellen
796 4019 928 4069 ouenbare
954 4017 1164 4083 Vertheidigung
1186 4016 1264 4067 theils
1282 4017 1367 4068 seiner
1387 4018 1455 4068 indi·

315 4107 405 4158 relten
424 4107 646 4172 Darstellungsart
664 4105 820 4170 uberhaupt,
839 4105 887 4155 wie
902 4105 930 4154 ln
946 4104 993 4154 der
1010 4104 1184 4169 Erlduterung
1200 4104 1264 4153 uber
1278 4103 1321 4154 die
1337 4104 1453 4154 Hebam·

306 4194 453 4259 ,menkunst
471 4195 517 4244 des
536 4193 668 4259 Sokrates,
687 4192 764 4243 theils
783 4207 844 4258 sqq.

358 4281 387 4347 4)
410 4281 556 4347 157qu.:
576 4280 611 4333 Ol
629 4279 797 4344 μνημονεύεις,
814 4276 833 4330 ὖ
850 4281 917 4344 φίλι,
935 4279 975 4330 ὅτι
993 4278 1044 4343 tyri
1061 4279 1107 4341 plu
1124 4277 1180 4330 οὔτ’
1196 4274 1251 4328 οἴδα
1266 4276 1325 4328 οὔτι
1339 4280 1456 4340 ποιοῦμαι

312 4368 361 4414 αῠν
382 4362 502 4415 τοιούτοιν
518 4362 588 4414 olto
605 4359 673 4426 ἔμόν,
689 4362 752 4413 ἀλλ’
769 4360 822 4424 alpi
838 4360 920 4411 αὐτῶν
940 4361 1037 4427 heroe,
1055 4362 1085 4411 cl
1104 4360 1131 4411 li
1150 4359 1286 4422 μαιιόομιιι
1303 4360 1345 4410 καὶ
1362 4358 1456 4410 roim

312 4444 384 4496 luera
406 4444 490 4513 ἔπᾴδιι
514 4463 544 4498 τι
566 4444 609 4496 καὶ
625 4444 778 4507 παρατίθημι
802 4441 915 4494 iridem
932 4450 981 4494 τῆν
997 4449 1079 4507 coditi
1097 4442 1296 4507 ἀπογεύσασθαι,
1312 4442 1359 4502 ‘lue
1374 4442 1404 4492 dr
1421 4441 1456 4502 ele

312 4535 363 4592 oie
379 4530 410 4579 ri
427 4530 471 4579 σὸν
487 4527 573 4593 δόγμα
590 4527 761 4595 turcium·
780 4523 931 4593 δξαχθιντος
949 4525 976 4576 δῦ
991 4527 1049 4576 τότ’
1065 4525 1110 4585 ἤδη
1127 4524 1254 4588 seidonai
1268 4523 1317 4576 (ἴτ’
1330 4525 1456 4588 &repento

312 4613 364 4665 ὅτι
385 4618 487 4680 γόνιμον
510 4613 705 4679 αναφανιίαιται.
732 4612 805 4662 Haec
833 4612 866 4662 ad
894 4612 1097 4677 explicationem
1125 4611 1187 4662 setis
1206 4611 1285 4661 habet
1303 4610 1454 4678 Secum,

315 4716 374 4752 nom
392 4701 480 4753 addit:
497 4702 567 4755 ἀλλὰ
585 4702 672 4767 θαρρῶν
686 4701 729 4753 eal
744 4706 864 4764 ιιαρτιρθν
882 4696 909 4750 ri
927 4700 971 4751 καὶ
985 4698 1098 4764 ανδριίιις
1115 4700 1245 4763 ἀποκρίνου
1259 4698 1277 4750 t
1291 4699 1321 4750 du
1335 4700 1460 4764 φαίνηταί
