3717 5575
775 680 845 755 Ῑ57

238 857 287 930 de
310 857 517 930 animorum
542 875 628 955 post
651 873 812 930 mortem
835 873 934 930 statu
954 882 997 931 ac
1012 858 1228 932 condicione
1243 857 1370 957 legun·

237 996 309 1069 tur,
320 975 346 1076 ¹)
375 979 619 1054 conserenda:
649 1006 724 1077 qua
751 981 895 1053 ratione
923 978 1030 1053 simul
1055 982 1288 1078 perspicuum
1317 981 1368 1072 fit,

239 1127 304 1176 cur
341 1103 461 1175 minus
497 1127 702 1200 congruere
735 1102 933 1176 videantur
966 1103 1057 1176 haec
1091 1129 1174 1176 curn
1204 1104 1245 1176 iis
1273 1130 1371 1201 quae

239 1225 275 1299 in
306 1224 500 1323 Apologia
530 1226 579 1298 de
607 1224 762 1322 Orpheo
790 1226 891 1322 apud
919 1225 1056 1298 inferos
1083 1242 1257 1300 versante
1285 1227 1372 1300 dicit

240 1345 419 1444 Parent
444 1347 584 1445 Utique
613 1371 711 1445 quae
740 1347 787 1420 de
811 1346 953 1444 Orphei
976 1346 1189 1445 Thamyrae
1213 1348 1370 1422 aliorum

236 1624 302 1690 quid
321 1624 385 1673 meri
403 1631 509 1673 ornatus
527 1623 609 1688 gratia
627 1621 782 1687 adhibitum,
800 1636 854 1670 non
872 1621 949 1671 facile
967 1621 1132 1672 diiudicatur.
1148 1623 1189 1673 Cf.
1202 1622 1319 1673 Status.
1337 1624 1371 1674 ad

237 1712 308 1777 Rep.
327 1710 351 1759 X
370 1709 422 1772 614
433 1711 463 1759 B.

286 1797 313 1864 ι)
333 1796 373 1846 Cf.
398 1796 530 1846 Phaedon.
556 1794 587 1844 81
599 1795 623 1843 E
641 1811 711 1860 sqq,
730 1810 888 1859 quamquam
906 1795 1064 1845 contendere
1084 1811 1137 1845 non
1156 1797 1247 1862 ausim,
1266 1810 1375 1860 prorsus

236 1882 304 1932 haec
322 1882 413 1932 eadem
431 1898 495 1932 esse.

283 1969 314 2036 2)
333 1969 413 2034 Apol.
442 1968 510 2031 40E
534 1983 594 2033 sqq.
626 1967 693 2016 Vide
724 1983 810 2032 supra,
842 1982 901 2033 pag.
936 1979 993 2031 133.
1021 1968 1142 2017 Ceterum
1168 1968 1237 2033 quod
1264 1970 1376 2036 Rosius,
1404 1986 1407 1991 ·

237 2056 350 2122 Psyche,
374 2072 434 2122 pag.
459 2065 520 2121 555,
542 2062 631 2105 censet
650 2054 798 2119 apologiae
814 2054 963 2104 δοελλτεα
978 2063 1048 2105 certa
1064 2055 1097 2104 de
1112 2056 1304 2106 immortalitate
1321 2058 1375 2105 ani·

236 2160 340 2193 morum
359 2159 500 2209 eorumque
519 2151 580 2208 post
594 2150 702 2191 mortem
718 2143 772 2191 vita
787 2157 872 2192 carere
888 2141 1024 2208 opinione,
1038 2141 1109 2192 haud
1123 2143 1177 2192 scio
1190 2159 1278 2192 annon
1290 2159 1321 2192 ex
1332 2143 1377 2192 hoc

240 2231 349 2296 quidem
368 2231 427 2280 loco
442 2238 576 2296 appareat.
592 2229 660 2279 Nam
676 2229 748 2294 quod
761 2228 899 2278 Socan‘m
908 2228 972 2277 duas
982 2229 1024 2278 hic
1034 2229 1117 2279 varias
1126 2239 1308 2280 commemorat
1318 2246 1378 2280 sen·

241 2317 338 2367 tentias
357 2316 471 2383 [Rostnn
494 2316 546 2367 l.l.:
567 2314 731 2381 „Entwedeq
749 2315 829 2363 meint
849 2330 885 2380 er,
903 2315 994 2380 bringa
1013 2315 1060 2364 der
1077 2316 1135 2364 Tod
1153 2316 1211 2366 dem
1231 2317 1376 2367 Menschen

237 2404 311 2453 volte
331 2402 584 2468 Bewusstlosigkeit,
600 2402 649 2451 wie
664 2402 707 2451 ein
723 2401 874 2451 traumloser
891 2401 987 2467 Schlas,
1003 2402 1066 2450 oder
1077 2403 1155 2451 einen
1165 2402 1322 2469 Uebergang
1331 2404 1377 2453 der

238 2490 317 2541 Seele
334 2491 361 2539 in
381 2490 424 2540 ein
443 2489 552 2540 anderes
572 2490 671 2553 Leben‚
689 2487 717 2537 in
735 2488 796 2537 dem
815 2488 1067 2554 &elementarias
1083 2489 1150 2538 nach
1165 2490 1256 2539 seinen
1270 2490 1375 2540 Andeu·

239 2586 342 2641 tungen
370 2577 417 2626 mit
444 2576 504 2625 dem
528 2574 709 2625 homerischen
734 2574 825 2624 Hades
849 2575 910 2624 weit
933 2575 1007 2623 mehr
1031 2575 1218 2625 Aehnlichkeit
1243 2593 1272 2625 zu
1291 2577 1378 2627 haben

238 2662 344 2714 scheint
367 2663 406 2712 als
431 2664 478 2711 mit
502 2663 553 2711 den
579 2661 787 2711 schimmernden
814 2661 1062 2712 Phantasielttndetn
1085 2662 1130 2711 der
1148 2662 1302 2729 Theologen
1322 2663 1375 2712 und

240 2749 483 2816 theologisirenden
508 2749 625 2799 Dichter.
651 2748 732 2798 Beide
757 2748 965 2814 Mogttehkeiten
985 2749 1077 2799 nimmt
1095 2764 1123 2800 er
1141 2757 1239 2816 getrost
1257 2751 1313 2817 hin,
1332 2750 1379 2800 aui

240 2837 284 2887 die
311 2836 508 2902 Gerechtigkeit
533 2836 579 2885 der
602 2835 751 2886 waltenden
776 2836 869 2885 Gotter
893 2836 1007 2901 bauend,
1030 2836 1085 2885 und
1109 2837 1192 2886 blickt
1217 2837 1289 2887 nicht
1309 2837 1375 2887 nach

239 2925 373 2975 weiterem
389 2939 444 2972 aus.
460 2923 519 2973 Wie
534 2922 611 2972 sollte
624 2938 652 2971 er
661 2922 746 2972 sicher
755 2923 859 2988 wissen,
869 2938 921 2972 was
931 2922 956 2972 N
958 2923 1062 2972 iemand
1072 2924 1146 2972 weiss
1153 2922 1201 2989 ?''],
1211 2924 1238 2972 id
1248 2925 1312 2973 mihi
1322 2940 1376 2974 non

238 3010 388 3061 necessario
412 3010 515 3059 videtur
539 3024 596 3058 esse
613 3008 768 3074 dubitantis,
787 3009 834 3058 sed
853 3009 940 3074 potius
959 3009 1015 3058 eius
1034 3011 1080 3075 qui
1099 3011 1187 3059 omnia
1205 3025 1378 3075 quaecunque

240 3098 297 3147 lieri
322 3097 365 3146 vel
390 3096 500 3159 cogitari
520 3102 642 3160 possunt,
666 3110 791 3159 prospere
817 3095 868 3144 sibi
894 3104 1019 3145 eventura
1042 3111 1099 3145 esse
1123 3096 1245 3146 confidat.
1274 3097 1379 3146 Scilicet

239 3182 376 3249 Apologia
397 3191 436 3231 est
455 3182 550 3248 οναοίο,
568 3197 622 3230 non
641 3181 725 3246 ipsius
744 3182 856 3230 auctoris
875 3181 1050 3231 doctrinarum
1068 3183 1281 3246 exponendarum
1299 3199 1377 3233 causa

238 3271 347 3335 scripta,
364 3268 411 3319 sed
428 3277 457 3318 ut
476 3268 534 3317 aliis
551 3267 760 3333 persuaderetur3
777 3268 848 3333 quod
864 3279 892 3317 ut
907 3268 1000 3318 melius
1009 3269 1062 3335 fiat,
1070 3270 1104 3318 ab
1113 3269 1223 3319 aliorum
1233 3271 1375 3335 opionibus

239 3372 321 3422 saepe
346 3364 386 3406 est
411 3354 639 3420 proficiscendum:
659 3355 748 3418 itaque
766 3370 825 3404 cum
844 3355 910 3405 duae
929 3357 1093 3420 potissimum
1109 3357 1141 3407 de
1156 3359 1301 3407 animorum
1316 3365 1376 3423 post

238 3452 350 3493 mortem
375 3450 443 3493 stata
468 3449 631 3492 occanerent
656 3450 682 3492 et
705 3457 838 3491 occurrere
864 3451 971 3507 possent
996 3444 1145 3511 opiniones,
1170 3460 1279 3509 quarum
1296 3445 1377 3495 altera

240 3539 320 3595 esset,
340 3530 412 3581 velut
431 3531 459 3579 in
479 3530 589 3580 nihilum
608 3530 741 3578 interitum
760 3544 816 3579 esse
836 3538 954 3594 mortem,
973 3538 1001 3580 ut
1020 3546 1053 3581 ne
1072 3532 1154 3582 ullum
1172 3534 1279 3598 quidem
1298 3533 1377 3583 ullius

240 3618 279 3667 rei
305 3632 409 3666 sensum
434 3617 557 3667 retineret
581 3624 696 3665 mortuus
720 3615 763 3681 [cl.
787 3615 918 3665 Phaedon.
940 3618 1021 3679 7oA:
1045 3618 1080 3664 τὰ
1104 3614 1131 3664 tt
1151 3617 1205 3677 περὶ
1225 3619 1271 3673 τῆς
1288 3616 1376 3680 ψυχῆς

239 3700 338 3758 πολλὴν
360 3700 483 3750 ἀπιστίαν
500 3698 607 3762 παρέχοι
625 3701 679 3757 τοῖς
695 3698 835 3761 ἀνθρώποις,
851 3698 895 3760 μή,
912 3696 1011 3749 iaudat
1028 3700 1169 3767 ἀπαλλαγῇ
1187 3707 1233 3753 τοῦ
1251 3702 1378 3765 σώματος,

242 3780 388 3844 σδδαμοῦ
409 3781 449 3831 ’ira
468 3777 490 3844 ᾗ,
506 3781 568 3831 ἀλλ’
586 3780 665 3844 insitu
681 3784 714 3845 sti
731 3779 810 3847 sirtica
827 3779 1001 3844 διαφθείρηταί
1014 3799 1044 3831 σε
1058 3783 1101 3833 καὶ
1114 3784 1284 3843 baratinam,
1298 3784 1312 3850 ᾖ
1326 3786 1379 3836 avt

240 3864 363 3927 impensae
378 3862 534 3927 ἂσσδνῇσκῃ·
550 3861 620 3920 ettae
634 3862 852 3924 ἀπαλλαττομένη
870 3866 916 3913 τοῦ
935 3863 1054 3924 σώματος
1070 3866 1113 3915 καὶ
1130 3864 1282 3928 διαβαίνουσα
1298 3868 1381 3932 ἕσπερ

239 3949 339 4008 πνεῦμα
356 3947 371 4005 ii
388 3947 480 4001 sarvie
498 3944 707 3995 διασκεδασθεῖσα
725 3943 829 4008 οἴχηται
847 3942 1001 4007 διαπομένη
1021 3947 1064 3996 καὶ
1076 3946 1131 3997 ott
1139 3950 1168 3998 δν
1181 3951 1222 3998 ’δτι
1236 3948 1380 4012 οὐδαμοῦ

239 4024 262 4092 ᾗ,
288 4032 316 4081 id
340 4031 412 4097 quod
432 4031 552 4097 plerique
572 4031 709 4080 dicebant:
729 4030 825 4081 Phaed.
845 4029 929 4080 son:
951 4027 983 4086 lle
999 4036 1077 4092 φασιν
1094 4032 1120 4080 ol
1134 4031 1226 4081 πολλοὶ
1244 4031 1382 4100 diriperet}

239 4120 330 4184 altera,
348 4119 576 4169 commutationem
595 4118 726 4188 quandem
744 4132 800 4167 esse
816 4124 924 4167 mortem
940 4126 966 4167 et
983 4121 1221 4184 peregrinationem
1237 4123 1318 4172 animi
1329 4124 1377 4174 hac

241 4223 274 4257 ex
289 4206 351 4257 sede
366 4206 394 4255 in
407 4206 484 4255 aliam
494 4206 582 4255 sedem
593 4204 639 4271 [40
649 4204 692 4271 C],
703 4205 735 4254 de
745 4212 853 4269 utraque
862 4205 917 4269 agit
927 4205 1066 4256 socnam
1076 4217 1102 4257 et
1113 4209 1259 4269 contendit,
1269 4218 1379 4260 mortem

241 4294 301 4359 sibi,
320 4300 481 4357 utracunque
500 4293 533 4342 sit
552 4307 621 4357 vera,
640 4291 738 4341 lucrum
757 4291 820 4341 lore.
838 4293 873 4340 At
888 4307 948 4340 curn
962 4292 1053 4342 hanam
1063 4295 1220 4359 opinionum
1230 4297 1379 4346 alterutram

242 4395 328 4430 veram
352 4395 408 4429 esse
431 4395 525 4429 necesse
546 4380 592 4444 sit,
614 4394 662 4428 nec
687 4378 738 4427 alia
762 4378 875 4443 cogitari
891 4380 985 4445 possit,
1005 4382 1131 4447 sequitur,
1150 4391 1178 4432 ut
1196 4391 1294 4449 semper
1311 4385 1379 4434 bene

239 4482 300 4517 curn
317 4466 376 4531 ipso
395 4474 480 4515 actum
499 4465 531 4514 iri
549 4465 604 4514 veri
622 4464 707 4514 simile
727 4465 774 4514 sit:
794 4480 848 4514 non
866 4465 900 4514 ad
916 4481 988 4514 suam
1004 4467 1088 4531 ipsius
1104 4479 1209 4518 revocat
1224 4471 1381 4520 sententiam

241 4553 391 4617 Securus
414 4552 514 4617 quippe
533 4566 599 4616 quae
618 4552 683 4600 alios
702 4567 755 4600 non
773 4550 956 4618 convinceret3
976 4553 1022 4603 sed
1041 4565 1145 4605 revocat
1163 4556 1196 4604 ad
1215 4571 1304 4605 eorum
1323 4556 1379 4621 opi·

241 4639 346 4702 nicaea,
364 4638 411 4703 qui
429 4653 488 4687 enm
505 4637 656 4702 audiebant,
671 4652 842 4702 quaecunque
858 4637 967 4701 cogitari
984 4648 1118 4702 poterant:
1136 4637 1202 4687 δυοῖν
1216 4640 1265 4701 γαρ
1281 4637 1380 4700 trinepti

243 4719 313 4772 iero
329 4725 360 4770 σο
376 4721 502 4770 τεθνάναι·
520 4721 535 4778 ἢ
551 4722 601 4783 γὰρ
619 4716 667 4769 οἷον
686 4718 761 4780 μηδὲν
778 4717 840 4769 εἶναι
855 4717 918 4780 anta
932 4718 1046 4779 σίίσδασον
1062 4723 1186 4786 μηδεμίαν
1195 4723 1299 4787 panditor
1308 4724 1380 4789 'ixrrr
