3717 5575
855 685 897 734 21

317 857 488 952 editionis
525 857 739 934 Platonicae
775 860 965 936 volumine
995 862 1155 954 addidit,
1182 888 1205 936 a
1234 888 1309 961 quo
1337 863 1366 936 si
1394 862 1444 936 di·

319 1005 490 1078 screpare
518 1006 645 1080 cogar,
673 1008 743 1056 suo
770 983 854 1057 loco
882 985 1198 1058 commemorabo

371 1125 404 1197 5.
431 1101 564 1178 Altera
582 1104 753 1202 quaestio
776 1105 834 1178 ad
857 1130 1083 1180 verorum
1109 1106 1333 1180 Platonis
1357 1107 1443 1180 dia·

316 1224 540 1324 logorum
587 1227 764 1301 seriem
805 1243 1183 1326 temporumque
1224 1229 1444 1304 ordinem

315 1348 489 1447 pertinet,
521 1376 619 1449 quae
648 1350 794 1442 eadem,
819 1377 903 1425 cum
927 1376 974 1425 ex
996 1352 1152 1426 diversis
1174 1349 1332 1449 dialogis
1357 1351 1445 1450 quid

317 1470 450 1545 iudicet
487 1473 536 1546 de
571 1472 753 1570 prioribus
790 1474 930 1565 Patro,
968 1474 1134 1571 conquiri
1167 1499 1319 1548 necesse
1349 1474 1407 1566 sit,
1418 1470 1445 1571 ¹)

315 1595 443 1694 paucis
456 1595 529 1670 hoc
543 1594 626 1670 loco
641 1610 699 1669 est
713 1595 945 1695 attingenda.
958 1595 1182 1671 Difficillima
1193 1599 1286 1671 haec
1296 1621 1447 1694 quoque

315 1718 497 1815 quaestio,
527 1719 576 1793 de
603 1744 679 1816 qua
703 1719 893 1793 notissima
917 1736 974 1794 est
997 1719 1361 1793 Sennsreuuncueru
1384 1717 1446 1793 illa

314 1856 352 1915 et
390 1841 604 1915 Hsaunruu
642 1839 933 1939 controversial)
971 1857 1009 1916 et
1047 1843 1262 1916 Unnuawso
1299 1840 1446 1916 celebre

314 1989 420 2037 suum
448 1989 543 2062 opus
569 1964 713 2061 scripsit
734 1964 783 2038 ab
809 1963 1017 2038 Academia
1041 1964 1282 2039 Scientiarum
1306 1964 1444 2038 Vindo-

314 2086 469 2160 bonensi
506 2087 673 2183 praemio
710 2103 894 2178 ornatum,
927 2087 1040 2161 etiam
1069 2113 1164 2161 nunc
1193 2087 1358 2161 nondum
1388 2103 1446 2162 est

314 2210 363 2283 ad
391 2208 528 2283 exitum
557 2204 787 2307 perducta.³)
812 2209 923 2283 Hanc
938 2235 1029 2283 vero
1043 2210 1332 2307 disputationem
1347 2226 1446 2284 eate-

315 2358 384 2406 nus
421 2347 565 2407 tantum
603 2332 755 2430 attingit
791 2333 845 2440 ad
875 2357 1035 2430 eamque
1063 2333 1235 2429 pertinet,
1264 2349 1448 2430 quatenus

314 2453 420 2529 aliter
456 2454 536 2529 aliis
573 2455 609 2527 in
647 2455 821 2553 operibus
857 2455 907 2529 de
939 2456 1073 2529 eadem
1102 2481 1141 2529 re
1170 2472 1283 2553 atque
1311 2456 1446 2529 eadem

313 2577 481 2651 doctrina
518 2601 672 2651 censere
710 2576 919 2651 Psarouuru
957 2577 1164 2675 apparebit.
1195 2578 1309 2672 Quod
1337 2577 1367 2650 si
1394 2578 1445 2652 ita

313 2700 472 2792 eveniet,
488 2699 710 2774 sententiam
726 2725 862 2792 meam,
878 2700 908 2773 si
924 2725 1038 2799 quam
1052 2700 1226 2792 habeam,
1238 2698 1443 2798 explicabo

369 2828 403 2898 6.
435 2823 558 2897 Multo
594 2821 678 2922 plus
714 2824 763 2897 ad
792 2840 1053 2923 argumentum
1084 2825 1225 2898 habent
1253 2824 1444 2917 momenti,

314 2971 409 3044 quae
452 2947 510 3020 de
554 2943 780 3022 Platonis
824 2972 1024 3044 operum
1073 2946 1227 3020 forma
1268 2944 1359 3020 sunt
1394 2947 1444 3020 di·

312 3069 443 3143 cenda.
488 3069 530 3141 ln
572 3066 799 3166 explicandis
841 3069 1032 3144 doctrinae
1073 3069 1277 3143 rationibus
1317 3070 1444 3142 Pnnro

312 3216 386 3265 non
424 3190 544 3265 solum
583 3191 751 3265 oratione
789 3207 972 3290 perpetua
1013 3215 1088 3265 non
1127 3207 1184 3266 est
1211 3217 1310 3283 usus,
1321 3189 1350 3290 ⁴)
1378 3192 1445 3265 sed

358 3422 464 3489 1)Non
489 3420 572 3472 solum
597 3420 619 3471 si
642 3421 671 3471 in
695 3419 754 3471 aliis
778 3420 892 3487 dialogis
915 3421 992 3470 aliter
1015 3419 1123 3486 iudicat,
1141 3419 1169 3470 id
1187 3419 1266 3470 dubia
1283 3426 1381 3486 movet,
1398 3419 1444 3470 sed

312 3510 389 3560 etiarn
412 3523 489 3559 verae
512 3508 659 3575 cognitioni
682 3510 778 3573 obstat,
802 3509 873 3573 quod
897 3508 960 3558 licet
984 3523 1012 3557 re
1037 3523 1099 3561 vera
1116 3507 1272 3558 sententiam
1290 3521 1345 3556 non
1363 3514 1444 3556 muta·

311 3597 387 3664 verit,
404 3595 471 3646 alius
489 3604 529 3646 est
546 3597 575 3645 in
592 3595 651 3646 aliis
669 3595 832 3646 sermonibus
847 3610 932 3645 rerum
948 3601 1039 3661 status,
1054 3595 1120 3645 aliae
1136 3593 1294 3644 inducuntur
1309 3608 1444 3660 personae,

311 3684 421 3735 aliorum
436 3682 575 3749 opiniones
590 3690 650 3733 sunt
667 3681 826 3749 refutandae,
837 3681 909 3733 aliud
917 3689 957 3732 est
967 3682 1157 3747 disputantium
1166 3682 1300 3732 hominum
1311 3680 1445 3745 ingenium

311 3780 337 3822 et
361 3770 474 3836 indoles,
498 3785 551 3836 quo
576 3769 604 3820 fit
628 3777 657 3820 ut
680 3784 739 3819 cum
762 3769 789 3818 in
816 3768 894 3819 variis
919 3768 1032 3834 dialogis
1055 3768 1126 3818 idem
1150 3768 1253 3834 dicitur,
1271 3782 1325 3817 non
1344 3782 1446 3831 semper

311 3857 456 3908 necessario
473 3857 508 3908 sit
525 3856 603 3907 idern.

357 3945 385 4012 a)
404 3943 445 3995 Ci.
462 3943 590 4009 imprimis
608 3943 774 4008 Unitum,
790 3942 1033 4007 Untersuchungen.
1050 3941 1320 4007 Eatertheil,pagg.
1333 3952 1444 4007 12-31‚

313 4042 443 4096 37-111.
462 4030 566 4081 Deinde
585 4031 698 4096 Ctmsr,
717 4029 762 4080 Gr.
781 4029 872 4094 Litt.²,
890 4045 951 4094 pag.
970 4038 1021 4093 375
1040 4029 1101 4079 adn.
1123 4041 1146 4078 r.

355 4117 384 4182 3)
401 4119 443 4167 De
458 4117 536 4168 variis
551 4117 657 4167 indiciis
671 4117 767 4182 quibus
782 4117 815 4166 ad
831 4115 993 4181 dialogorum
1003 4116 1194 4166 Platonicorum
1204 4115 1321 4165 ordinem
1330 4122 1444 4164 statuen-

311 4204 372 4255 dum
387 4205 428 4255 usi
443 4211 504 4255 sunt
517 4203 566 4253 viri
579 4203 659 4269 docti,
668 4203 702 4253 ci.
712 4203 816 4253 Cunlst·
826 4218 851 4253 o.
861 4202 880 4252 l.
891 4219 951 4269 pag.
963 4213 1012 4266 375
1025 4209 1050 4252 et
1061 4202 1125 4253 ibid.
1135 4202 1195 4252 adn.
1206 4213 1230 4265 3.
1241 4202 1282 4251 De
1292 4209 1347 4251 tota
1355 4216 1446 4266 quaes·

313 4291 395 4356 tione,
404 4298 434 4341 ut
443 4290 477 4341 de
486 4290 555 4356 aliis,
569 4289 748 4356 copiosissime
758 4290 813 4355 agit
823 4290 940 4355 sttt,
951 4289 1017 4338 Phil.
1028 4289 1054 4339 d.
1064 4289 1109 4339 Gr.
1119 4289 1156 4354 11,
1167 4288 1203 4355 1⁴,
1212 4302 1289 4354 pagg.
1298 4284 1448 4351 487-558.

311 4378 352 4428 Ci.
377 4387 511 4444 praeterea
536 4377 569 4427 G.
599 4378 811 4442 Tstcttattlnasu,
836 4376 922 4428 Ueber
943 4375 986 4425 die
1006 4374 1183 4440 Reiheniolge
1201 4375 1247 4424 der
1265 4373 1447 4423 Platonischen

311 4464 432 4530 Dialoge.
450 4463 569 4529 leipaig.
588 4463 690 4513 thler
711 4462 792 4529 18793
810 4464 894 4529 Hmr,
909 4464 936 4512 11
956 4461 1110 4528 320-3803
1128 4462 1270 4526 Gomsuz,
1281 4462 1316 4527 11,
1327 4473 1378 4525 230
1388 4477 1448 4527 sqq.

354 4551 384 4617 4)
409 4549 548 4617 Excipitur
571 4566 624 4599 una
649 4550 763 4600 Socratis
788 4549 930 4616 Apologia,
954 4565 1022 4615 quae
1047 4556 1143 4613 tamen,
1166 4549 1188 4598 si
1208 4548 1235 4598 in
1255 4546 1450 4612 philosophiam

311 4637 460 4705 inquiritur,
490 4652 544 4687 non
568 4636 660 4702 magni
685 4644 725 4687 eat
747 4637 887 4703 momenti3
909 4637 1025 4702 itemque
1043 4636 1180 4702 epistulae,
1198 4635 1220 4685 si
1238 4650 1305 4700 quae
1323 4634 1452 4700 genuinae

324 4733 393 4793 sunt,
412 4740 465 4775 non
485 4725 518 4774 ad
537 4723 731 4791 philosophiam
749 4723 931 4791 exponendam
948 4731 1010 4775 sunt
1027 4724 1147 4790 scriptae.
