3717 5575
803 666 850 739 53

246 840 425 914 Pmonns
444 842 711 939 phzlosophzizm
737 842 859 917 fuerint
886 845 1066 933 momenti,
1095 859 1216 919 tamen
1238 823 1378 916 cortinu-

246 973 366 1036 morat
388 963 452 1038 ille.

296 1086 418 1183 ltaque
443 1086 522 1161 nihil
547 1104 681 1163 restare
707 1089 858 1179 videtur,
885 1089 947 1162 nisi
969 1105 1007 1163 ut
1028 1087 1120 1163 nulla
1140 1087 1378 1188 praeiudicata

242 1209 404 1306 opinione
431 1211 641 1309 inquiramus
667 1212 700 1285 in
722 1213 933 1303 Pmmmn,
956 1237 1129 1309 quosnam
1152 1211 1206 1284 hic
1219 1211 1253 1283 in
1266 1210 1377 1306 operi·

242 1331 310 1405 bus
358 1333 446 1407 inter
485 1333 716 1433 philosophos
755 1350 916 1409 numeret
956 1350 1018 1409 aut
1056 1332 1295 1408 numeravisse
1335 1332 1379 1405 sit

241 1456 447 1530 censendus.
492 1456 597 1530 Cuius
637 1472 757 1532 tamen
794 1457 1007 1554 quaestionis
1042 1457 1135 1554 prior
1170 1480 1254 1553 pars
1290 1452 1378 1527 solvi

241 1601 314 1650 non
352 1594 482 1675 potest,
524 1604 604 1652 cum
644 1604 817 1677 nusquam
858 1605 981 1653 eorum
1020 1579 1080 1676 qui
1115 1604 1160 1652 ex
1196 1579 1376 1650 PnnToms

241 1701 415 1775 sententia
440 1718 521 1776 sunt
545 1700 756 1799 philosophi,
784 1718 943 1776 occurrat
964 1702 998 1775 in
1019 1702 1186 1799 operibus
1208 1700 1282 1774 eius
1295 1724 1375 1773 enu-

243 1823 403 1914 meratio,
430 1824 539 1898 immo
564 1850 652 1898 vero
678 1849 723 1899 ne
751 1825 844 1898 dicat
870 1824 1012 1923 quidem
1039 1849 1183 1923 semper
1208 1820 1326 1922 plane,
1349 1821 1378 1894 si

243 1969 352 2042 quem
385 1946 419 2019 in
451 1944 740 2044 philosophorum
767 1971 915 2021 numero
943 1947 1071 2039 habet3
1099 1944 1179 2020 licet
1203 1943 1376 2018 interdum
1407 2028 1410 2033 ¹
1494 2025 1498 2034 ,

242 2065 429 2142 nonnullos
475 2094 545 2142 una
592 2085 785 2158 enumeret,
833 2085 872 2143 ut
904 2068 1090 2142 Theaetet
1136 2089 1204 2161 152
1231 2066 1283 2138 E:
1320 2072 1377 2143 καὶ

241 2197 310 2296 περὶ
346 2187 457 2270 τούτου
494 2189 609 2284 πάντες
649 2197 724 2286 ἑξῆς
761 2196 790 2270 οἱ
826 2198 916 2296 σοροὶ
948 2191 1033 2278 πλὴν
1062 2192 1268 2294 Παρμενίδου
1296 2219 1377 2290 cup·

243 2313 405 2418 φέρεσθον,
447 2314 667 2419 Πρωταγόρας
708 2346 740 2392 τε
783 2322 840 2393 καὶ
881 2311 1085 2418 Ἡράκλειτος
1122 2319 1178 2390 καὶ
1216 2306 1378 2413 Ἐμπεδο-

242 2442 328 2526 κλῆς
365 2442 464 2512 κ.τ.λ.
475 2430 501 2531 1)
531 2435 608 2509 Nec
635 2433 696 2509 tali
722 2435 987 2510 enumeratione
1014 2433 1063 2508 ad
1089 2460 1145 2523 ea,
1174 2457 1270 2531 quae
1296 2456 1375 2528 pro·

241 2558 362 2655 posuit
396 2558 461 2631 sihi
496 2558 632 2649 Pinio,
669 2585 760 2657 opus
793 2575 861 2650 est,
897 2583 977 2631 cum
1014 2557 1088 2631 eius
1118 2554 1281 2655 dialogos
1307 2577 1378 2627 non

242 2681 291 2754 ad
333 2680 581 2778 exponendam
624 2680 867 2779 philosophiae
899 2679 1078 2754 historiam
1113 2679 1261 2776 scn'ptos
1296 2701 1376 2750 esse

243 2829 355 2902 supra
385 2804 455 2877 iam
491 2804 619 2878 dietum
655 2805 718 2898 sit,
755 2805 790 2878 id
823 2804 921 2903 quod
955 2803 1031 2901 ipse
1067 2802 1193 2876 indicat
1220 2800 1373 2897 Sophist.

247 2949 295 3020 24
301 2925 369 3020 5E
396 2924 558 3025 (loquitur
584 2927 716 3025 hospes
742 2925 948 3025 Eleaticus):
978 2924 1060 3019 Τοὺς
1085 2924 1144 3030 μὲν
1170 2930 1275 3003 τοίνυν
1298 2927 1376 3001 δια-

242 3051 555 3156 κριβολογουμένους
582 3048 671 3142 ἔντος
697 3082 730 3128 τε
757 3051 827 3154 πέρι
855 3053 911 3127 καὶ
936 3048 984 3154 μὴ
1017 3046 1187 3140 πάντας
1217 3045 1295 3150 μὲν
1328 3041 1373 3122 οὐ

242 3168 589 3276 διεληλύθαμεν,
630 3172 743 3276 ὅμως
783 3172 828 3251 δὲ
870 3177 1032 3263 ἱκανῶς
1072 3170 1228 3275 ἐχέτω,
1265 3193 1373 3267 quem

241 3293 360 3369 locum
395 3319 491 3392 quae
526 3310 718 3392 sequnntur
753 3321 869 3369 mrsus
903 3294 1065 3384 indicant,
1094 3292 1142 3366 ad
1167 3316 1291 3366 verum
1318 3288 1375 3364 eli-

240 3418 402 3491 ciendum
428 3418 462 3490 in
487 3417 640 3515 priorum
666 3417 725 3492 vel
752 3416 898 3492 aliorum
925 3416 1115 3491 sententias
1137 3413 1375 3512 inquirendum

242 3565 343 3615 esse:
372 3537 447 3633 τοὺς
473 3539 510 3617 δὲ
535 3536 645 3633 ἄλλως
668 3541 823 3644 λέγοντας
846 3527 888 3618 ai
913 3540 1054 3642 θεατέον,
1081 3535 1128 3616 ἵν’
1150 3540 1192 3615 ἐκ
1215 3534 1374 3615 πάντων

243 3666 427 3767 εἰδῶμεν
464 3661 529 3741 ὅτι
556 3664 600 3740 τὸ
627 3666 671 3741 ἂν
698 3672 772 3741 τοῦ
798 3663 854 3766 μὴ
884 3661 1008 3755 ὄντος
1036 3658 1163 3738 οὐδὲν
1191 3655 1371 3764 εὐπορώ-

244 3817 368 3890 τερον
396 3791 531 3865 εἰπεῖν
562 3786 626 3864 ὅτι
653 3782 735 3864 τοτ’
765 3783 895 3865 ἔστιν.

297 3907 456 3997 Accedit,
489 3909 585 4006 quod
612 3908 760 3983 eosdem
786 3908 897 3982 modo
923 3906 1011 3981 inter
1036 3903 1266 4004 philosophos
1292 3928 1372 3976 enu-

241 4046 368 4122 merat,
392 4031 501 4105 modo
524 4030 598 4105 aliis
619 4031 745 4106 indicat
767 4031 975 4120 nominibus,
993 4030 1111 4126 itaque
1124 4027 1191 4100 hae
1204 4027 1237 4099 in
1250 4051 1289 4099 re
1303 4052 1374 4100 non

240 4179 385 4251 semper
410 4153 476 4227 sibi
501 4171 663 4228 constare
689 4154 834 4227 videtur.
865 4154 933 4243 Sic,
962 4177 1070 4250 quem
1092 4148 1245 4246 exempli
1266 4174 1375 4223 causa

242 4302 497 4367 commemor0,
512 4275 674 4351 Thales
687 4278 870 4376 Protagor.
890 4299 964 4371 343
981 4274 1018 4348 A
1030 4275 1119 4348 inter
1132 4288 1304 4372 septem
1318 4273 1376 4370 qui

243 4400 400 4473 dicunnir
421 4399 650 4497 sapientes
672 4415 910 4474 enumeratur:
937 4394 1057 4475 τούτων
1082 4397 1177 4494 (he.
1202 4420 1248 4468 ex
1264 4393 1377 4491 iisqui

242 4522 388 4620 antiquo
410 4537 573 4619 tempore
596 4522 779 4596 Laconum
799 4518 1014 4619 disciplinam
1027 4535 1124 4594 recte
1136 4516 1382 4592 intellexerunt

260 4655 420 4666 ---

297 4722 323 4789 1)
342 4721 383 4771 cf.
403 4728 535 4787 praeterea
554 4720 661 4771 Theaet.
684 4717 733 4770 180
743 4720 836 4770 D-E.
