3717 5575
997 694 1066 763 142

469 869 655 943 anrours
683 870 984 968 cognoscendum
1013 868 1183 941 iudicium
1208 869 1405 966 quicquam
1430 869 1592 961 adhibet,

464 1018 548 1065 curn
573 993 747 1066 referat
772 993 898 1066 Pmro
921 991 959 1064 id
982 990 1084 1087 quod
1104 991 1181 1063 alii
1198 990 1346 1080 iaciunt,
1362 1015 1467 1064 suam
1483 992 1594 1088 ipsius

465 1114 677 1211 opinionem
701 1139 775 1187 non
800 1112 974 1211 proferat.
999 1111 1126 1185 Simile
1148 1113 1236 1208 quid
1259 1128 1385 1186 autem
1404 1129 1462 1186 est
1475 1112 1594 1186 dicen·

464 1236 552 1310 dum
576 1238 624 1309 de
648 1237 726 1310 lon.
752 1242 827 1330 536
843 1236 880 1308 A
905 1261 1007 1331 sqq.:
1032 1233 1411 1309 licetconcedendum
1424 1235 1593 1309 videatur

465 1357 647 1448 Wnssuno
663 1354 689 1454 ¹)
718 1360 852 1446 ποιητήν
879 1357 937 1430 hic
965 1356 1035 1428 dici
1062 1380 1085 1428 a
1109 1355 1285 1429 Pulmonis
1309 1354 1515 1454 Orpheum,
1540 1401 1591 1411 —

463 1496 583 1553 utrum
606 1505 696 1554 vero
720 1480 792 1553 hoc
815 1479 964 1551 nomine
983 1503 1067 1551 eum
1086 1476 1261 1575 appellet,
1283 1479 1386 1575 quod
1407 1478 1441 1550 in
1450 1478 1591 1575 fabula

463 1602 637 1701 Orpheus
657 1619 756 1675 esset
775 1613 902 1699 poeta,
922 1625 970 1674 an
991 1602 1092 1696 quod
1112 1601 1189 1696 ipse
1204 1601 1330 1674 Pnnro
1346 1601 1396 1674 ita
1410 1618 1588 1693 censeret,

462 1727 613 1799 omnino
641 1749 715 1798 non
743 1740 911 1823 apparet.
946 1767 993 1778 -

515 1846 656 1945 Orphei
685 1864 815 1920 cantus
842 1847 898 1920 vis
925 1872 971 1920 ac
997 1846 1162 1921 suavitas
1189 1843 1415 1943 significatur
1439 1847 1588 1945 Protag.

464 1993 536 2064 315
555 1970 592 2042 A
617 1996 713 2067 sqq„
738 1970 799 2043 ubi
824 1995 906 2042 cum
922 1967 1180 2065 Sophistarum
1196 1966 1381 2040 confertur
1394 1966 1589 2043 illecebris:

459 2090 595 2165 scilicet
638 2092 863 2189 Protagoras
904 2116 950 2164 ex
992 2114 1216 2188 unaquaque
1253 2115 1367 2187 quam
1404 2107 1592 2187 percurrat

460 2215 550 2288 urbe
574 2212 773 2311 discipulos
797 2213 951 2288 ductare
973 2212 1114 2302 dicitur,
1139 2210 1353 2286 alliciens
1375 2238 1454 2287 eos
1477 2238 1590 2287 voce

460 2337 646 2434 Orphei
675 2336 851 2426 instar,
880 2334 929 2408 illi
952 2361 1043 2408 vero
1067 2359 1200 2408 vocem
1224 2352 1426 2432 sequuntur
1450 2333 1588 2408 allecti:

459 2484 557 2556 quae
584 2483 659 2531 non
687 2457 838 2531 dubium
867 2473 924 2532 est
948 2473 1117 2554 spectare
1140 2457 1189 2530 ad
1213 2473 1342 2529 notam
1366 2456 1465 2531 illam
1489 2457 1589 2531 sabu-

459 2580 545 2670 lam,
574 2604 687 2677 quam
711 2579 767 2652 his
789 2579 913 2653 verbis
936 2594 1206 2654 commemorat
1231 2578 1589 2677 Metamorphoseon

458 2698 646 2800 auctor:¹)

538 2825 712 2899 Carmine
740 2824 829 2898 dum
857 2824 921 2899 tali
951 2824 1063 2899 silvas
1092 2827 1312 2923 animosque
1340 2825 1499 2900 serarum

509 2947 702 3021 Threicius
728 2963 837 3021 vates
864 2964 903 3021 et
929 2973 1022 3021 saxa
1049 2950 1243 3046 sequentia
1272 2948 1381 3038 ducit,
1410 2973 1493 3044 sqq.

510 3070 606 3143 Cum
635 3070 691 3143 his
719 3085 845 3143 autem
875 3070 1047 3168 congruit
1069 3071 1172 3167 quod
1196 3072 1316 3169 Legg.
1336 3070 1459 3162 829D
1474 3065 1583 3171 ὕμνων

456 3191 534 3265 eius
558 3190 715 3265 dulcedo
740 3190 948 3265 celebratur
971 3193 1042 3265 hoc
1066 3192 1193 3282 modo,
1218 3208 1258 3265 ut
1278 3192 1487 3265 cavendum
1503 3215 1584 3264 esse

456 3315 609 3404 dicatur,
638 3338 685 3386 ne
713 3314 795 3410 quis
822 3338 971 3387 carmen
1000 3330 1110 3387 canat
1133 3339 1207 3387 non
1233 3315 1432 3411 probatum
1453 3313 1584 3385 iudicio

457 3432 583 3531 legum
618 3435 825 3526 custodum,
853 3431 950 3538 μηδ’
978 3434 1027 3513 ἂν
1050 3440 1187 3520 ἡδίων
1215 3428 1236 3538 ᾗ
1263 3451 1342 3512 τών
1371 3430 1582 3538 Θαμύρου

457 3587 499 3632 τε
536 3562 611 3633 καὶ
647 3550 848 3659 Ὀρφείων
885 3552 1042 3659 ὕμνων.

512 3676 585 3750 l·lic
622 3692 748 3750 tamen
786 3676 922 3750 iamin
951 3679 1094 3752 medias
1120 3679 1312 3752 incidimus
1339 3676 1583 3751 difficultates.

457 3798 579 3872 Primo
616 3798 805 3895 quaeritur
839 3797 887 3872 de
924 3800 1109 3874 adiectivo
1146 3796 1298 3904 Ὀρφεῑος,
1335 3814 1456 3873 utrum
1486 3800 1585 3873 idem

456 3919 583 3993 valeat
606 3920 803 4018 genetivus
826 3917 974 4024 Ὀρφέως,
998 3923 1050 3995 ita
1071 3938 1111 3995 ut
1129 3922 1240 3995 etiam
1261 3920 1360 3994 nullo
1379 3921 1586 3995 discrimine

457 4041 564 4115 scribi
592 4041 773 4138 potuisset
798 4044 1007 4139 genetivus
1035 4068 1164 4118 necne.
1195 4043 1308 4139 Quod
1336 4042 1480 4117 etiamsi
1503 4069 1586 4117 con·

455 4277 508 4327 licb
528 4277 626 4341 trillige
645 4275 751 4325 Grllnde
770 4290 853 4340 gegen
873 4276 915 4325 die
937 4277 1060 4328 Ecbtheit
1080 4278 1165 4328 dieses
1182 4278 1308 4341 Dialoges
1325 4277 1429 4327 werden
1444 4277 1517 4327 nicht
1531 4292 1588 4326 vor·

454 4361 618 4428 gebracht.”)
637 4362 668 4410 ln
688 4361 737 4411 boc
756 4376 861 4426 quoque
876 4362 981 4427 dialogo
995 4372 1065 4413 certa
1074 4365 1172 4414 indicia
1181 4380 1248 4429 quae
1261 4364 1363 4413 Platoni
1372 4363 1519 4413 abiudicare
1529 4378 1587 4414 eum

454 4457 558 4515 cogant,
575 4450 661 4497 inesse
680 4463 733 4496 non
752 4447 889 4515 videntum
909 4464 988 4514 quam
1006 4451 1041 4500 ob
1060 4467 1113 4501 rem
1131 4451 1343 4500 primumcum
1358 4465 1414 4499 esse
1429 4450 1587 4499 censendum

452 4536 569 4585 arbitror.

501 4620 526 4687 1)
544 4621 649 4670 qurtu
669 4619 721 4669 o.l.
741 4634 800 4684 pag.
821 4631 869 4683 33:
889 4622 944 4685 „als
962 4620 1065 4678 remla
1079 4625 1170 4674 lernen
1186 4624 1232 4672 wir
1247 4623 1351 4687 ithon
1364 4621 1586 4687 536Blrennen”.

498 4706 526 4771 2)
544 4708 626 4757 Ovio.
646 4705 886 4772 Metamorph.X1‚
908 4721 931 4772 r,
951 4722 974 4758 2.
