3717 5575
853 715 923 766 211
958 764 960 766 ,

324 889 477 993 ἐγγόνων,
506 888 549 981 ὥς
571 921 660 993 φασι,
685 889 760 968 καθ’
790 882 831 982 ἃς
858 895 1082 981 θυηπολοῦσιν,
1110 896 1265 983 πείθοντες
1291 888 1328 968 οὐ
1355 893 1455 995 μόνον

324 1010 453 1104 ἰδιύτοις
490 1008 579 1089 α’λλά
617 1015 676 1090 νιαιΙ
705 1012 824 1105 πόλεις,
852 1017 895 1105 ὡς
923 1008 990 1118 ἄρα
1017 1009 1122 1104 λύσεις
1148 1045 1180 1090 τε
1207 1020 1263 1091 καὶ
1292 1019 1456 1118 καθαρμοὶ

321 1132 537 1237 ἀδικημάτων
575 1131 631 1213 διὰ
670 1140 786 1214 θυσιῶν
824 1138 880 1213 καὶ
918 1139 1054 1227 παιδιαῖς
1085 1138 1212 1220 ἡδονῶν
1240 1141 1296 1212 εἰσὶ
1325 1135 1384 1238 μὲν
1413 1132 1455 1212 ἔτι

322 1270 430 1352 ζῶσιν,
467 1262 523 1336 εἰσὶ
555 1257 591 1335 δὲ
628 1265 685 1336 καὶ
717 1260 955 1348 τελευτήσασιν,
985 1250 1025 1350 ἃς
1053 1257 1096 1343 δὴ
1128 1253 1256 1349 τελετὰς
1285 1264 1453 1349 καλοῦσιν,

321 1380 359 1456 αἳ
383 1394 446 1456 τῶν
475 1379 542 1456 ἐκεῖ
560 1396 672 1458 κακῶν
699 1375 893 1459 οιίτολύονσιν
917 1385 1022 1482 ἡμᾶς,
1045 1378 1093 1482 μὴ
1118 1375 1280 1471 θύσαντας
1303 1378 1339 1457 δὲ
1363 1375 1453 1457 δεινοὶ

319 1501 483 1604 περιμένει.
524 1501 651 1576 Verba
688 1500 730 1594 ὥς
761 1533 838 1605 φασι
868 1547 919 1556 -
948 1527 1106 1599 quorum
1135 1502 1342 1574 subiectum
1370 1517 1455 1575 sunt

322 1617 459 1727 οἷγύμιαι
489 1630 546 1701 καὶ
572 1622 704 1727 μάντεις
732 1668 783 1679 -—
807 1625 857 1697 ad
881 1625 1093 1698 universam
1116 1622 1340 1698 locutionem
1365 1638 1456 1702 Μον-

321 1753 414 1824 σαίου
442 1790 493 1801 -
522 1746 662 1850 ἐγγύυων
690 1747 885 1844 pertinent.

852 2021 919 2097 IX.

374 2238 538 2311 PLAToN.
579 2236 674 2332 Rep.
715 2235 762 2327 11,
803 2235 927 2331 364E
964 2261 1047 2333 sqq.
1085 2260 1160 2308 non
1189 2235 1257 2332 ipsi
1287 2233 1451 2332 Orphiei,

318 2360 385 2434 sed
414 2357 727 2456 Orpheotelestae
755 2384 851 2456 quos
878 2358 1015 2448 dicunt,
1044 2372 1268 2455 spectantur.

859 2631 908 2706 X.

374 2864 539 2937 Pmox.
578 2863 672 2961 Rep.
713 2863 759 2953 11,
800 2861 928 2958 366A
961 2889 1044 2960 sqq.
1075 2863 1148 2958 (ed.
1182 2861 1314 2952 Anam,
1344 2861 1453 2935 Cam·

320 2986 463 3084 bridge,
498 2988 630 3082 1902):
660 2985 755 3062 α’λλ’
784 2977 809 3061 ἶ)
837 2990 954 3088 φίλε,
981 2987 1106 3088 φήσει
1135 2984 1452 3088 λογιζόμενος,

318 3112 353 3186 αἱ
389 3115 510 3186 τελεταὶ
549 3093 592 3185 αύ
629 3107 719 3212 με’γα
755 3103 913 3185 δύνανται
953 3108 1009 3183 καὶ
1046 3109 1075 3182 οἱ
1112 3101 1213 3184 λύσιοι
1242 3110 1315 3196 θεοί,
1345 3109 1388 3198 ὡς
1416 3110 1451 3184 αἱ

316 3231 464 3334 μέγισται
500 3234 607 3322 πόλεις
644 3231 771 3334 λέγουσι
809 3233 865 3307 καὶ
903 3232 933 3306 οἱ
969 3216 1047 3306 θεῶν
1084 3229 1212 3330 παῖδες,
1239 3235 1366 3316 ποιηταὶ
1394 3235 1451 3306 καὶ

316 3367 471 3458 προφῆται
496 3370 558 3431 τῶν
583 3359 660 3431 θεῶν
683 3351 860 3456 γενόμενοι,
885 3354 916 3428 οἳ
926 3359 1031 3429 ταῦτα
1046 3346 1145 3443 οὕτως
1160 3347 1244 3455 ἔχειν
1259 3345 1450 3453 μηνύουσιν.

371 3475 583 3549 ΗΕιιιιΑιυιιτ
611 3475 833 3565 coniectura,
863 3499 978 3572 quam
1012 3474 1047 3547 in
1076 3487 1219 3578 textum
1247 3471 1386 3569 recepit
1414 3487 1453 3547 et

317 3598 556 3696 praefationis
593 3623 709 3697 pagg.
747 3598 783 3670 V
797 3623 881 3695 sqq.
915 3596 1099 3671 defendit:
1129 3594 1206 3674 αλλ’
1235 3598 1451 3699 ὠφελήσουσιν

318 3723 548 3825 ἁγνιζομένους
577 3726 613 3799 αἱ
638 3727 762 3799 τελεταὶ
790 3724 846 3798 καὶ
875 3725 904 3797 οἱ
934 3718 1036 3799 λύσιοι
1063 3725 1138 3811 θεοί,
1163 3726 1274 3811 κ.τ.λ.,
1300 3718 1451 3792 omnino

319 3868 393 3917 non
420 3845 641 3935 necessaria,
670 3844 797 3941 itaque
823 3844 1072 3941 improbanda
1098 3858 1166 3916 est.

846 4117 915 4192 XI.

343 4331 477 4405 Iniuria
516 4332 631 4422 Ηυιτ,
671 4332 728 4406 La
764 4331 835 4407 Vie
871 4348 910 4407 et
942 4331 1121 4406 l’Oeuvre
1149 4333 1197 4406 de
1227 4331 1371 4422 Platon,
1402 4332 1447 4406 ΙΙ.

316 4479 431 4552 pagg.
478 4460 552 4547 269
567 4481 649 4553 sqq.
669 4520 673 4527 .
694 4455 953 4530 Parmenidem
990 4454 1181 4554 dialogum
1220 4482 1243 4530 a
1272 4457 1450 4530 PLATONE

314 4577 511 4652 abiudicat.
