3717 5575
986 651 1034 738 3⁶

443 840 820 938 prae-Socraticorum
856 841 978 915 sontes
1018 842 1146 916 Punro
1182 858 1220 917 et
1258 841 1530 916 Anrsromuns
1543 839 1570 938 ¹)

497 962 553 1037 At
575 964 605 1036 si
628 963 670 1036 iis
693 964 887 1054 credimus
913 964 975 1060 qui
995 963 1077 1038 huic
1093 990 1243 1063 quoque
1259 962 1372 1038 fidem
1386 965 1571 1062 derogant

442 1086 594 1184 eiusque
618 1086 788 1160 iudicium
809 1111 883 1160 non
899 1104 1040 1161 rectum
1055 1113 1138 1162 esse
1153 1084 1327 1185 dicunt')
1342 1113 1458 1187 saepe
1472 1085 1573 1160 solus

443 1208 569 1282 Ponto
606 1210 755 1308 proprie
791 1224 973 1307 superest,
1003 1234 1049 1284 ex
1077 1210 1179 1284 cuius
1206 1211 1381 1308 operibus
1409 1210 1571 1308 priorum

441 1330 631 1405 doctrinae
659 1347 953 1430 cognoscantur3
979 1332 1081 1429 quod
1104 1332 1248 1406 etiamsi
1263 1332 1414 1406 nimium
1431 1331 1569 1406 dictum

440 1478 523 1527 esse
550 1454 732 1544 videatur,
761 1454 832 1528 hoc
860 1468 987 1529 tamen
1011 1469 1097 1546 stat,
1123 1456 1311 1529 Punrorns
1334 1480 1450 1553 opera
1466 1479 1569 1551 prae·

440 1574 652 1650 Socraticae
688 1575 949 1675 philosophiae
986 1602 1069 1652 esse
1096 1578 1391 1676 antiquissimum
1421 1593 1459 1651 et
1486 1603 1568 1675 gra·

439 1697 628 1770 vissimum
664 1698 817 1771 sontem.
855 1697 911 1771 At
948 1723 1057 1795 supra
1090 1700 1260 1790 vidimus
1297 1700 1346 1773 ad
1375 1697 1569 1773 Platonem

439 1818 731 1918 intellegendum
771 1819 879 1892 huius
921 1819 1180 1918 philosophiae
1221 1821 1434 1919 cognitione
1476 1845 1570 1919 opus

438 1949 540 2015 esse!
564 1941 810 2040 Cognoscitur
824 1957 950 2015 autem
967 1967 1013 2015 ex
1029 1941 1184 2017 Platone
1199 1942 1379 2017 maxime!
1403 1940 1567 2015 Platonis

439 2088 554 2161 opera
576 2064 796 2162 praecipuus
819 2064 982 2162 priorum
1006 2065 1194 2138 doctrinas
1216 2065 1468 2163 cognoscendi
1487 2065 1569 2138 fons

438 2202 534 2260 sunt.
565 2184 621 2259 At
649 2186 906 2284 inquirendum
936 2201 1004 2278 est,
1033 2195 1166 2261 utrum
1195 2187 1277 2261 lons
1304 2188 1471 2285 putanda
1495 2188 1567 2260 sint

442 2316 578 2382 necne!
609 2309 725 2407 Igitur
754 2309 881 2382 Punro
909 2309 958 2383 ad
987 2309 1176 2383 Punrours
1204 2334 1373 2383 normam
1402 2326 1459 2382 est
1486 2309 1567 2382 diri·

437 2431 602 2528 gendus!
644 2430 715 2521 Sic,
753 2446 794 2505 ut
832 2430 873 2504 fit
909 2432 945 2503 in
983 2429 1200 2530 philologia,
1239 2432 1274 2504 in
1312 2431 1567 2528 disquisitione

436 2552 574 2626 eodem
602 2551 840 2627 revolvimur.

491 2672 660 2765 Accedit,
690 2673 792 2771 quod
821 2699 897 2770 quo
926 2673 1069 2747 minora
1093 2690 1131 2749 et
1155 2674 1330 2773 pauciora
1355 2674 1566 2773 fragmenta

436 2810 601 2870 aetatem
642 2795 803 2870 tulerunt
841 2822 992 2894 quoque
1030 2799 1151 2895 magis
1187 2799 1280 2873 haec
1317 2823 1446 2896 sparsa
1483 2814 1567 2872 sunt

435 2933 549 3015 atque
564 2918 717 2993 disiecta
730 2933 769 2992 et
783 2933 887 2992 extra
898 2919 1076 2992 orationis
1087 2920 1192 3017 quasi
1203 2935 1418 2995 contextum
1429 2922 1563 3019 posita,

434 3065 481 3114 eo
519 3041 640 3139 magis
676 3042 724 3115 de
752 3039 897 3114 illorum
925 3041 1231 3139 interpretatione
1259 3043 1470 3140 discrepant
1497 3043 1565 3117 viri

434 3163 533 3236 docti
557 3188 679 3260 eoque
701 3161 807 3261 plura
831 3187 874 3236 ac
898 3163 1020 3262 magis
1034 3164 1182 3238 diversa
1197 3165 1244 3238 de
1259 3165 1301 3238 iis
1315 3181 1400 3239 sunt
1414 3166 1561 3264 scripta,

433 3284 471 3358 id
499 3287 601 3383 quod
630 3286 948 3383 perturbationem
977 3303 1102 3386 auget.

492 3432 549 3481 12.
579 3407 655 3482 Sed
692 3408 739 3482 de
777 3409 877 3483 hisce
914 3410 1025 3483 rebus
1053 3410 1157 3508 plura
1187 3411 1309 3486 dicere
1337 3436 1412 3485 non
1440 3412 1560 3487 estin

434 3530 579 3623 anim03
604 3531 784 3605 indicasse
807 3531 949 3606 sufficit.
977 3530 1065 3606 Alia
1084 3549 1141 3608 est
1155 3558 1215 3607 res
1230 3534 1316 3606 mihi
1332 3534 1563 3609 animadver-

432 3653 559 3727 tenda.
598 3653 806 3728 Difficultas
843 3653 989 3746 scilicet,
1029 3682 1142 3754 quam
1179 3657 1228 3731 de
1261 3656 1417 3732 Platone
1444 3683 1565 3756 agens

432 3929 479 3978 wir
496 3928 656 3979 nnmentlich
674 3927 720 3977 auf
736 3927 778 3977 die
798 3928 925 3992 Angaben
945 3928 992 3977 der
1009 3927 1172 3979 Scholiasten
1191 3932 1364 3996 angewiesen.
1390 3934 1470 3984 Diese
1489 3935 1563 3985 Men·

431 4031 478 4065 ner
500 4017 571 4082 uber,
594 4014 703 4065 Proldos
727 4030 758 4064 zu
775 4015 882 4064 Platons
902 4014 1025 4080 Kratylos
1043 4016 1097 4066 und
1117 4019 1268 4068 Ammonius
1287 4036 1317 4069 zu
1335 4020 1490 4073 Aristoteles
1508 4023 1563 4086 πιρῖ

430 4101 564 4167 ἑρμηνείας,
581 4102 641 4152 sind
658 4118 704 4151 aus
721 4107 843 4155 tusseren
862 4101 916 4151 und
935 4102 1043 4152 inneren
1060 4102 1184 4153 Grunden
1201 4105 1283 4169 vollig
1298 4107 1407 4173 unsnhig
1422 4109 1466 4159 eiu
1481 4109 1562 4159 unhr-

430 4189 515 4239 huftes
538 4188 705 4238 historisches
730 4188 855 4253 Zeugniss
879 4189 943 4237 uber
967 4188 1009 4238 dle
1034 4189 1095 4255 alte,
1119 4191 1274 4241 vorattische
1299 4193 1468 4259 Philosophie
1488 4197 1565 4245 abzu·

431 4276 517 4340 legen.
542 4275 585 4325 sie
609 4275 696 4325 haben
720 4273 872 4324 schwerlich
896 4274 939 4324 die
963 4275 1033 4324 alten
1058 4275 1244 4327 Schriftsttlcke
1272 4279 1345 4328 eines
1369 4281 1490 4331 Heraklit
1508 4283 1563 4332 und

431 4362 569 4412 Demokrit
586 4361 656 4412 noch
673 4377 720 4410 vor
740 4363 833 4425 Augen
841 4344 962 4427 ‘gehnbt3
981 4362 1018 4411 sie
1036 4362 1122 4412 haben
1140 4379 1185 4412 aus
1204 4365 1362 4415 secuudtren
1385 4367 1498 4430 Quellen
1517 4384 1560 4433 ge·

431 4448 543 4514 schdpft.
568 4448 611 4499 Sie
635 4447 725 4498 hutten
750 4448 813 4496 aber
837 4447 905 4497 noch
930 4448 1045 4513 weniger
1067 4447 1111 4499 die
1134 4450 1258 4516 gehorige
1278 4451 1415 4518 Fihiglreit
1434 4453 1480 4504 des
1499 4455 1561 4505 Ver·

431 4535 591 4585 sttndnisses
603 4571 610 4583 .
621 4570 628 4584 .
638 4532 663 4584 .'’

478 4621 503 4683 1)
522 4622 677 4671 Xssuomou
696 4618 768 4684 quod
786 4618 819 4667 nd
836 4618 885 4668 hos
902 4634 957 4670 nou
975 4621 1056 4670 multa
1073 4621 1155 4672 affert.

475 4708 503 4776 2)
519 4707 559 4758 Cf.
578 4724 638 4774 pag.
660 4719 701 4773 17,
719 4705 780 4755 adn.
800 4717 825 4768 3.
