3717 5575
984 605 1005 674 8

425 829 504 876 cum
529 803 576 876 de
597 802 655 876 illo
678 803 769 892 dicit,
794 802 969 876 moderari
981 800 1015 894 3’'
1027 798 1052 898 ¹)
1072 827 1178 899 quem
1192 801 1305 874 omnis
1318 797 1561 897 philosophiae

425 942 611 1022 parentem
621 924 646 1022 ξ)
674 921 868 1023 appellavit
889 924 1096 1015 fumun,
1121 923 1167 997 de
1190 948 1262 1021 quo
1284 922 1436 1019 denique
1449 919 1560 994 claris·

426 1046 533 1120 simus
568 1046 624 1121 ille
651 1046 851 1147 philologus
879 1047 1062 1120 Bdcxfflus
1089 1046 1240 1142 scripsit:
1277 1045 1351 1118 »ich
1378 1042 1562 1117 verdanke

426 1168 497 1242 ihm
525 1170 593 1244 den
622 1170 747 1244 besten
773 1167 876 1243 Theil
903 1170 1037 1243 meiner
1063 1165 1295 1268 Bildung!''³)

480 1292 532 1365 At
557 1318 623 1389 per
649 1292 767 1365 omnia
794 1290 937 1365 saecula
964 1316 1123 1363 summos
1150 1315 1310 1387 quosque
1331 1314 1374 1362 ac
1397 1285 1561 1361 nobilissi-

427 1439 505 1487 mos
538 1414 779 1513 philosophos,
816 1440 942 1489 omnes
969 1414 1108 1513 ingenio
1135 1429 1243 1510 atque
1269 1412 1386 1486 animo
1412 1409 1560 1511 singula-

426 1563 495 1628 res,
520 1564 645 1612 omnes
667 1538 817 1635 denique
840 1536 1088 1634 praestantiae
1103 1560 1219 1633 paene
1233 1535 1300 1608 dixi
1313 1535 1428 1608 divina
1442 1550 1562 1608 mente

426 1676 533 1757 atque
555 1659 671 1734 indole
694 1660 874 1757 praeditos
897 1659 1051 1732 maxime
1065 1659 1257 1732 admiratos
1270 1683 1350 1731 esse
1364 1655 1559 1746 Platonem,

426 1782 650 1879 maximeque
686 1807 732 1855 eo
764 1808 845 1856 esse
871 1779 1079 1871 delectatos,
1108 1781 1184 1878 quis
1211 1779 1407 1853 mirabitur?
1433 1779 1562 1854 Nonne

429 1904 502 1978 eius
538 1904 781 2001 philosophiae
817 1905 978 1978 tractatio
1010 1904 1146 2000 optimo
1173 1919 1210 1976 et
1236 1901 1451 2000 amplissimo
1478 1928 1562 2000 quo·

427 2053 496 2125 que
523 2028 724 2128 dignissima
750 2028 826 2102 est?
853 2027 982 2124 Ecquis
1009 2052 1078 2101 non
1106 2026 1184 2101 dico
1206 2025 1397 2099 eruditione
1419 2041 1479 2099 aut
1501 2025 1561 2099 do·

426 2150 545 2241 ctrina,
568 2151 632 2224 sed
654 2151 780 2251 ingenii
801 2150 1050 2251 magnitudine,
1065 2150 1130 2224 sed
1143 2149 1247 2223 animi
1260 2147 1481 2237 sublimitate,
1496 2147 1561 2220 sed

426 2273 553 2347 mentis
588 2273 759 2363 acumine,
793 2273 858 2346 sed
890 2272 1110 2371 cogitationis
1137 2286 1255 2344 motus
1280 2268 1469 2360 celeritate,
1497 2269 1562 2342 sed

427 2396 614 2496 gravitate,
652 2396 718 2468 sed
753 2395 923 2492 sermonis
950 2393 1072 2491 lepore
1099 2408 1208 2490 atque
1234 2390 1422 2465 subtilitate
1432 2391 1457 2488 ⁴)
1485 2389 1560 2464 Pla·

427 2518 499 2591 toni
531 2518 724 2614 praestitit?
749 2516 878 2590 Nonne
905 2516 953 2590 ad
979 2541 1157 2589 summum
1183 2514 1345 2611 perduxit
1370 2513 1425 2586 hic
1451 2513 1559 2611 philo·

424 2640 587 2736 sophiam
612 2638 853 2713 Graecorum?
874 2639 1002 2712 Nonne
1022 2637 1188 2727 omnium,
1208 2638 1267 2733 qui
1279 2636 1350 2709 fide
1365 2636 1560 2710 Christiana

425 2763 607 2852 caruerint,
631 2762 786 2836 omnium
809 2761 867 2860 qui
889 2761 1090 2851 erraverint,
1114 2760 1285 2835 maximus
1303 2759 1363 2833 suit
1375 2775 1412 2834 et
1425 2757 1560 2833 nobilis·

428 2886 546 2975 simus,
583 2909 700 2958 nonne
735 2884 783 2958 ad
818 2909 942 2958 veram
978 2883 1183 2983 religionem
1210 2882 1370 2980 proxime
1397 2882 1562 2956 accessit?

426 3007 567 3080 Numne
591 3006 698 3080 etiam
720 3007 984 3097 AmsrorELES,
999 3031 1152 3104 magnus
1164 3004 1220 3078 ille
1233 3003 1475 3101 philosophus,
1490 3029 1560 3078 non

426 3130 505 3204 dico
531 3128 688 3202 doctrina
715 3145 776 3203 aut
802 3129 836 3202 in
858 3128 1000 3229 singulis
1022 3128 1176 3217 scientia,
1200 3151 1270 3200 non
1293 3127 1562 3224 dicoviaatque

425 3251 560 3325 ratione
595 3249 876 3348 philosophandi,
914 3250 978 3323 sed
1005 3250 1145 3349 ingenio
1172 3266 1209 3322 et
1234 3249 1440 3345 prudentiae
1461 3247 1562 3322 subli-

425 3374 548 3447 mitate
575 3374 666 3446 hunc
688 3373 940 3470 aequiperavit,
965 3373 1095 3446 nedum
1113 3372 1311 3469 superavit?
1325 3371 1503 3469 Quidquid
1516 3372 1563 3444 de

425 3494 606 3571 idealismo
642 3496 706 3569 dici
741 3512 872 3593 potest,
905 3496 1032 3570 mentis
1066 3496 1243 3570 humanae
1279 3494 1431 3568 divinam
1467 3509 1563 3569 certe

426 3619 596 3718 originem
624 3618 793 3711 ostendit,
823 3634 860 3692 et
886 3616 1055 3692 idealismi
1077 3643 1206 3715 parens
1233 3618 1293 3692 fuit
1319 3618 1459 3690 PLxTo!

474 3892 485 3928 1
520 3879 553 3929 Ο.
563 3879 582 3929 1.
655 3915 661 3928 .
684 3892 705 3928 1.

472 3875 501 4031 al
520 3964 581 4014 O.l.
600 3895 660 4030 ΞΕ.
681 3965 771 4014 XVII:
793 3966 882 4029 ,eines
902 3966 996 4016 Vaters
1014 3966 1079 4017 aller
1096 3966 1294 4032 Philosophie”.

471 4050 499 4117 3)

520 4051 772 4116 ,Untersuchungen
798 4053 861 4101 tiber
886 4050 932 4101 das
959 4051 1106 4103 kosmische
1125 4053 1227 4118 System
1245 4054 1291 4104 des
1309 4051 1420 4103 Platon'’
1443 4051 1520 4118 1852,
1537 4053 1564 4103 in

427 4138 486 4203 fine,
507 4137 578 4203 apud
596 4138 766 4203 Horrmnu,
784 4154 808 4187 o.
819 4138 837 4187 1.
857 4154 917 4203 pag.
940 4151 997 4202 104.
1015 4139 1055 4189 Cf.
1072 4139 1150 4189 etiam
1167 4155 1227 4205 pag.
1242 4154 1290 4202 44:
1311 4139 1373 4203 ,aul
1384 4140 1565 4190 historischem

426 4226 508 4290 Wege
525 4225 615 4275 schien
632 4224 686 4274 ihm
702 4223 821 4291 [Bdcttu]
838 4224 884 4274 des
902 4225 1075 4276 Verstttndnis
1096 4226 1142 4275 der
1162 4224 1346 4291 platonischen
1362 4226 1514 4276 ldeenlehre
1524 4242 1566 4275 am

425 4311 581 4362 leiehtesten
600 4311 755 4377 erreichbar,
773 4310 808 4359 in
828 4311 887 4361 der
905 4326 939 4360 er
955 4311 1010 4361 die
1026 4311 1312 4363 vollkommenste
1330 4313 1497 4377 Leistung
1511 4312 1565 4362 des

425 4397 657 4463 griechischen
674 4397 807 4448 Geistes
821 4397 878 4447 aus
891 4398 1206 4464 philosophischem
1223 4399 1361 4451 Gebiete
1378 4397 1564 4450 erkannte.”

470 4484 500 4551 4)
519 4484 559 4535 Cf.
586 4484 699 4551 C1cttno,
717 4485 759 4533 De
777 4483 892 4548 Republ.
912 4483 935 4533 1.
959 4496 999 4551 10,
1021 4484 1067 4534 16:
1093 4487 1254 4551 ,Itaque...
1270 4487 1387 4552 leporem
1407 4486 1565 4537 Socraticum

426 4571 650 4637 subtilitatemque
674 4571 800 4620 sermonis
820 4587 878 4621 cum
896 4572 1056 4622 obscuritate
1075 4574 1236 4639 Pythagorae
1256 4582 1282 4624 et
1301 4590 1360 4626 curn
1378 4574 1424 4624 illa
1442 4573 1564 4641 plurima·

426 4675 482 4710 rum
499 4658 592 4708 artium
608 4658 734 4726 gravitate
750 4656 915 4709 contexuit.''
