3717 5575
591 1499 811 1599 CAPUT
842 1506 1112 1604 PRIMUM.

355 1972 419 2027 Quo
440 1973 482 2016 ua
502 1973 645 2020 cousuno
666 1977 705 2019 ar
725 1976 768 2019 ua
785 1977 839 2019 vm
856 1977 897 2020 nc
914 1978 1054 2022 unrroua
1072 1978 1105 2020 1u
1125 1970 1355 2023 ursrunmoun

691 2072 863 2128 saouaums
883 2073 1012 2119 norrun.

343 2250 373 2299 1.
403 2228 562 2303 Vidimus
583 2231 617 2303 in
639 2233 835 2328 prooemi0,
859 2257 1036 2330 quaenam
1058 2249 1154 2306 esset
1175 2232 1335 2330 quaestio
1353 2230 1419 2306 sol-

285 2349 411 2440 venda,
436 2352 588 2451 quidque
610 2353 725 2427 soluta
744 2355 894 2428 haberet
913 2353 1083 2444 utilitatis,
1099 2371 1137 2428 et
1150 2355 1264 2452 primo
1277 2356 1419 2452 quidem

284 2473 512 2566 ostendimus,
540 2477 599 2573 qui
625 2493 720 2551 esset
741 2477 979 2577 cognoscendi
1002 2475 1174 2551 clarorum
1196 2478 1348 2553 virorum
1373 2478 1420 2552 de

283 2598 477 2692 praeteritis
490 2598 598 2672 iudicii
607 2599 1419 2692 fiuctus3deindeveroindicavimus,PunTouls

284 2718 449 2817 imprimis
469 2721 516 2796 de
533 2722 705 2819 primibus
725 2723 934 2797 sententiam
953 2722 1152 2824 cognitione
1166 2748 1245 2797 esse
1259 2723 1416 2823 dignam,

284 2842 415 2939 quippe
450 2844 509 2940 qui
544 2843 755 2919 clarissimae
791 2845 917 2920 aetatis
952 2843 1161 2919 clarissimus
1190 2844 1420 2942 philosophus

283 2963 412 3054 firisset,
450 2982 487 3039 et
522 2967 617 3040 cuius
653 2993 766 3064 opera
800 2964 956 3065 primum
985 2969 1284 3066 praecipuumque
1316 2993 1419 3065 prae·

281 3085 482 3161 Socraticae
509 3086 754 3186 philosophiae
776 3091 1050 3188 cognoscendae
1073 3089 1251 3164 efficerent
1273 3090 1417 3163 fontem.

338 3209 390 3283 At
413 3212 656 3308 quaestionem
679 3213 712 3285 in
735 3213 853 3287 medio
876 3214 1037 3310 posuisse
1059 3237 1130 3286 non
1152 3228 1208 3286 est
1229 3212 1332 3287 satis:
1355 3214 1420 3309 pri·

284 3358 433 3431 usquam
468 3334 577 3408 dirimi
610 3335 733 3432 possit,
768 3334 944 3432 permulta
971 3334 1182 3431 disputanda
1208 3350 1298 3424 sunt,
1326 3360 1421 3432 quae

282 3454 340 3529 vel
362 3457 468 3531 dubia
491 3458 558 3532 sint
581 3457 639 3531 vel
656 3457 811 3556 aliquam
824 3459 1022 3556 praebeant
1036 3456 1284 3531 difficultatem.
1302 3456 1419 3551 Quae,

283 3579 443 3677 quamvis
469 3579 509 3653 iis
531 3580 589 3678 qui
611 3606 702 3678 opus
724 3580 793 3655 hoc
816 3579 935 3654 lecturi
950 3595 1079 3670 essent,
1095 3596 1180 3652 nota
1194 3579 1269 3652 sore
1282 3579 1418 3669 scirem,

284 3700 501 3776 nibilominus
520 3703 635 3799 primo
649 3702 718 3775 hoc
731 3702 848 3798 capite
860 3702 1015 3776 breviter
1027 3718 1180 3775 tractare
1193 3726 1264 3774 non
1278 3726 1422 3797 prorsus

283 3821 398 3897 inutile
431 3824 589 3913 iudicavi,
617 3841 654 3898 et
679 3824 713 3896 id
741 3824 884 3922 quidem
910 3824 1002 3897 hanc
1029 3825 1078 3897 ob
1106 3849 1194 3914 rem,
1223 3823 1331 3920 quod,
1359 3822 1421 3895 nisi

282 3946 317 4019 id
344 3945 509 4035 lacerem,
538 3947 700 4035 verebar,
729 3971 774 4019 ne
796 3946 929 4044 passim
953 3947 986 4019 in
1008 3946 1086 4043 ipsa
1107 3946 1314 4043 quaestione
1327 3944 1421 4018 iden·

281 4068 390 4143 tidem
421 4069 628 4168 attingenda
655 4068 736 4141 mihi
763 4085 893 4142 essent.

336 4190 421 4264 Tria
448 4206 569 4264 autem
594 4191 814 4288 potissimum
840 4191 1004 4290 roganda
1030 4216 1110 4265 esse
1138 4191 1220 4264 mihi
1242 4191 1418 4265 videntur:

283 4314 307 4386 1.
351 4313 508 4411 quibus
561 4312 721 4386 linibus
760 4313 1039 4386 terminanda
1079 4313 1135 4387 sit
1176 4313 1421 4411 disputatio

281 4461 482 4534 quaeque
518 4436 763 4527 contineat,
797 4436 836 4509 Π.
874 4437 1031 4534 quibus
1067 4437 1247 4509 Punuorus
1275 4436 1421 4510 iudicii

282 4558 477 4658 cognitio
517 4558 748 4633 obstructa
788 4558 844 4631 sit
885 4556 1223 4632 difficultatibus
1263 4584 1358 4631 cum
1399 4583 1422 4632 a

282 4682 454 4756 Pnnrona
476 4699 561 4756 tum
584 4705 606 4753 a
629 4680 850 4777 prioribus
872 4679 1170 4779 philosophis,
1196 4697 1282 4754 tum
1307 4681 1422 4779 quod
