3717 5575
957 644 1027 712 166

426 838 476 912 ad
499 837 829 911 demonstrandum
854 854 1007 936 propter
1024 837 1240 936 ambiguam
1254 838 1455 910 verborum
1470 861 1552 910 con·

425 961 654 1034 secutionem
682 985 779 1057 quae
803 960 967 1034 admittit
989 975 1197 1057 utramque,
1218 974 1345 1032 tamen
1360 975 1418 1033 est
1431 956 1553 1032 elabo-

424 1083 594 1173 randum,
624 1106 699 1180 quo
728 1080 867 1157 facilius
894 1083 1091 1181 probetur:
1122 1106 1198 1155 non
1225 1082 1332 1178 parvi
1354 1081 1453 1155 enim
1478 1106 1553 1154 mo·

427 1204 541 1278 menti
568 1204 656 1277 mihi
683 1229 742 1278 res
770 1205 925 1280 videtur.

476 1327 617 1401 Primo
666 1326 743 1399 iure
795 1326 945 1425 quidem
997 1326 1193 1424 impugnat
1239 1326 1387 1399 Wnnnn
1423 1351 1553 1400 eorum

425 1449 650 1547 opinionem,
688 1493 739 1503 -
777 1449 980 1523 Bsnoan
1017 1447 1201 1547 significat
1237 1493 1302 1539 -,
1337 1448 1400 1545 qui
1437 1448 1553 1521 verba

424 1571 466 1663 ὥς
502 1603 580 1675 φασι
616 1572 665 1644 ad
702 1568 782 1644 sola
817 1577 944 1677 βίβλων
980 1571 1010 1648 ό.
1047 1584 1093 1649 Μ.
1132 1604 1163 1649 κ.
1197 1571 1248 1648 ’0.
1277 1572 1456 1645 referunt:
1486 1571 1553 1645 sed

425 1710 574 1791 praeter
601 1694 708 1784 hanc,
737 1719 835 1791 quae
863 1694 924 1767 vix
948 1694 1017 1767 dici
1041 1710 1165 1793 potest
1179 1691 1387 1792 explicatio¹
1403 1710 1442 1768 et
1455 1721 1551 1785 eam,

425 1841 538 1913 quam
576 1816 655 1913 ipse
692 1815 868 1906 defendit,
907 1815 1018 1890 aliam
1055 1842 1137 1891 esse
1170 1815 1241 1890 loci
1268 1815 1551 1914 explicationem
1580 1813 1583 1820 ’

425 1982 476 1994 -
500 1962 584 2011 eam
608 1963 722 2035 quam
745 1963 857 2035 supra
879 1937 1170 2036 significavimus
1192 1982 1256 2029 -,
1281 1939 1317 2011 id
1341 1964 1389 2011 ne
1403 1939 1439 2012 in
1454 1964 1552 2013 men·

424 2076 500 2133 tem
525 2061 674 2157 quidem
699 2061 733 2135 ei
755 2061 902 2135 venisse
926 2062 1089 2134 videtur:
1114 2061 1144 2134 si
1167 2061 1342 2151 venisset,
1366 2062 1428 2134 vix
1446 2062 1553 2159 scrip·

424 2199 546 2256 turum
578 2183 689 2257 fuisse
718 2209 803 2257 eum
833 2184 1002 2274 arbitror,
1031 2209 1129 2281 quae
1157 2183 1320 2280 scripsit:
1349 2209 1447 2257 nunc
1473 2199 1553 2258 tota

425 2305 504 2379 eius
530 2307 807 2404 argumentatio
834 2306 885 2379 sic
913 2306 1002 2379 satis
1029 2306 1078 2379 ad
1108 2305 1246 2379 irritum
1275 2305 1384 2380 cadit.

480 2427 579 2501 Nam
618 2453 715 2526 quae
752 2429 829 2502 iure
863 2454 932 2502 suo
961 2429 1122 2501 Banoltn
1150 2428 1356 2502 sententiae
1385 2430 1550 2526 opponit,

424 2551 518 2624 haec
554 2574 628 2622 non
666 2547 794 2622 valent
829 2566 958 2623 contra
995 2575 1079 2623 eam
1117 2574 1230 2647 quam
1268 2574 1342 2648 ego
1370 2549 1552 2625 defensito

425 2670 785 2768 interpretationem:
815 2696 928 2768 quam
958 2688 1082 2745 autem
1106 2673 1182 2745 vim
1207 2672 1396 2745 Pnncorns
1417 2673 1551 2765 verbis,

425 2822 473 2870 ex
508 2794 621 2892 ipsius
657 2810 782 2867 mente
819 2795 1077 2891 interpretatis,
1115 2794 1320 2868 subiectam
1357 2820 1440 2869 esse
1467 2796 1553 2870 dicit

427 2919 585 3007 Wnsnn,
611 2916 715 3008 haec,
740 2917 769 2989 si
793 2943 876 2991 cum
900 2932 982 2992 tota
1005 2915 1192 2992 locutione
1217 2926 1383 2997 Μουσαίου
1408 2925 1465 2997 καὶ
1484 2920 1554 3024 ’Op-

424 3042 516 3145 νέως,
541 3041 684 3131 Σελήνης
706 3045 815 3116 τεκαὶ
837 3053 976 3118 Μουσῶν
997 3040 1137 3144 ἐγγόνων
1152 3039 1426 3137 coniunguntur
1438 3044 1554 3116 verba

424 3161 467 3254 ὦς
513 3193 603 3265 φασι,
647 3186 721 3234 non
763 3161 884 3234 minus
924 3177 1024 3235 recte
1064 3148 1308 3258 significatur:
1350 3159 1486 3236 scilicet
1526 3164 1555 3237 si

426 3284 474 3359 ad
504 3292 618 3358 totam
645 3281 870 3357 locutionem
899 3288 1066 3362 Μουσαίου
1095 3287 1153 3360 καὶ
1182 3279 1329 3386 Ὀρφέως,
1360 3287 1503 3378 Σελήνης
1524 3318 1555 3363 τε

427 3411 484 3485 καὶ
522 3420 659 3485 Μουσῶν
688 3406 829 3509 ἐγγόνων
857 3406 1043 3502 pertinent
1071 3404 1132 3478 illa
1160 3404 1202 3498 ὥς
1229 3436 1317 3510 φασι,
1347 3408 1555 3481 necessario

428 3527 593 3625 sequitur
625 3544 665 3600 ut
701 3526 813 3600 etiam
842 3526 890 3600 ad
919 3529 1061 3618 Σελήνης
1087 3559 1119 3604 τε
1147 3535 1205 3605 καὶ
1233 3541 1372 3607 Μουσῶν
1402 3529 1557 3633 ἐγγόνων,

427 3651 463 3724 id
492 3665 549 3724 est
577 3649 625 3723 ad
644 3658 799 3746 partem
827 3649 941 3723 totius
967 3647 1172 3740 locutionis,
1203 3650 1423 3747 pertineant.

481 3772 627 3846 Deinde
651 3797 761 3869 quem
787 3769 909 3844 locum
934 3796 1001 3869 pro
1026 3788 1249 3868 argumento
1273 3771 1382 3846 affert
1401 3773 1557 3867 wesen,

428 3894 524 3967 Tim.
555 3917 606 3986 40
622 3894 671 3984 D,
684 3889 710 3989 1)
737 3893 767 3966 is
796 3890 882 3965 nihil
907 3894 1059 3967 omnino
1083 3893 1326 3985 demonstrat,
1352 3921 1434 3968 cum
1460 3923 1559 3995 pror·

429 4042 492 4089 sus
528 4013 621 4089 alius
657 4014 704 4087 sit
738 4014 904 4113 generis:
943 4039 1031 4088 nam
1070 4014 1106 4088 1⁰
1134 4016 1192 4089 hic
1220 4016 1336 4090 verba
1364 4023 1408 4108 ὡς
1435 4015 1558 4121 ἔφασαν

429 4138 477 4212 ad
515 4138 616 4235 ipsos
651 4133 726 4229 τοὺς
762 4137 928 4242 εἰρηκότας
964 4134 1136 4244 ἔμπροσθεν
1165 4139 1360 4235 pertinent,
1391 4139 1428 4211 id
1456 4140 1558 4236 quod

430 4259 646 4358 imperfecto
674 4256 826 4363 (ἔφασαν)
855 4259 928 4333 iam
957 4260 1154 4333 indicatur:
1185 4260 1253 4357 ipsi
1281 4261 1318 4333 hi
1342 4260 1558 4358 theogonia·

431 4409 511 4456 rum
548 4391 685 4480 poe'tae
722 4408 763 4455 se
799 4386 877 4459 θεῶν
915 4382 1068 4485 ἐκγόνους
1095 4407 1178 4455 esse
1206 4382 1343 4473 dicunt,
1374 4407 1448 4455 non
1477 4381 1558 4478 alii3

429 4583 622 4594 -——-—-—-

475 4697 504 4764 1)
522 4695 590 4745 Vide
608 4694 685 4763 inim,
703 4712 764 4761 pag.
786 4693 844 4758 178.
