3717 5575
975 591 1022 663 28

487 781 592 856 Idem
629 782 670 857 fit
704 783 862 860 Theaet.
908 807 976 880 155
995 785 1048 858 D:
1088 781 1189 889 Χοίριν
1226 770 1283 862 οὖν
1310 818 1367 890 μοι
1394 796 1480 888 εἴσει,
1507 781 1563 864 ἐοίν

432 936 481 983 σοι
509 903 640 1010 οίνδρίς,
666 914 796 1009 μᾶλλον
824 906 861 986 δὲ
888 907 1016 1012 οίνδρῶν
1040 909 1229 1011 ὀνομαστῶν
1251 920 1310 999 τῆς
1333 911 1482 1000 διανοίας
1504 908 1563 994 τὴν

432 1026 589 1112 eliderent
617 1026 906 1134 οίποκεκρυμηιένην
935 1031 1250 1133 ουνεξερεννήσωμαι
1278 1025 1407 1132 αὐτῶν,

486 1149 655 1247 Itemque
682 1177 750 1249 per
776 1152 933 1227 ironiam
955 1150 1114 1226 Theaet.
1147 1173 1189 1245 15
1197 1150 1267 1245 5E
1291 1168 1440 1226 monet:
1458 1149 1563 1256 Ἀθρει

431 1272 474 1360 δὴ
512 1291 720 1377 περισκοπῶν,
753 1278 802 1377 μή
831 1307 878 1367 τις
904 1288 968 1352 τῶν
996 1272 1154 1377 α’μυῆτων
1183 1270 1343 1384 ἐπακοδη,
1368 1289 1407 1348 et
1436 1279 1508 1369 156
1524 1273 1561 1347 A

432 1395 635 1470 afferuntur
672 1392 791 1475 ἄλλοι.
811 1393 939 1477 ..πολὺ
977 1396 1180 1501 κομψότεροι,
1216 1391 1260 1475 ὧν
1296 1398 1409 1501 pello
1445 1429 1494 1476 σοι
1520 1392 1562 1475 roi

430 1520 657 1622 μυστήρια
686 1518 799 1622 λέγειν.
817 1515 843 1617 1)

485 1640 527 1714 ln
566 1636 808 1738 Cratylo')
845 1640 1008 1738 denique
1041 1664 1171 1714 eorum
1210 1665 1366 1733 morem,
1402 1640 1464 1737 qui
1494 1665 1563 1738 pro

431 1761 600 1836 doctrina
636 1762 793 1860 pretium
831 1762 982 1861 exigere
1014 1760 1187 1836 solebant
1224 1777 1261 1835 et
1298 1762 1340 1836 iis
1376 1760 1464 1836 solis
1501 1763 1564 1860 qui

432 1884 639 1981 pecuniam,
656 1899 835 1981 quantam
846 1899 1108 1982 poposcerant,
1119 1883 1321 1976 dedissent,
1332 1884 1564 1959 sermonibus

432 2005 489 2078 his
513 2023 552 2080 ut
575 2006 796 2081 interessent
818 2006 1088 2098 concedebant,
1106 2004 1235 2097 illudit,
1251 2005 1456 2080 Socmrm
1470 2007 1565 2082 haec

432 2128 570 2202 faciens
612 2129 816 2203 dicentem:
859 2134 887 2207 εί
919 2128 979 2232 μὲν
1016 2114 1073 2206 οὖν
1109 2126 1170 2231 ἐρῶ
1207 2128 1273 2218 ἤδη
1309 2129 1438 2220 η’κηκίη
1474 2126 1563 2235 παρὰ

431 2254 592 2354 Προδίκου
625 2250 684 2337 τὴν
713 2227 1068 2356 πεντηκοντάδραχμον
1105 2252 1269 2352 ἐπίδειξιν,
1305 2244 1346 2334 ἓν
1384 2247 1561 2330 ἀκούσαντι

430 2368 566 2477 ὑπάρχει
602 2379 671 2476 περὶ
709 2380 800 2450 τοῦτο
836 2376 1079 2474 πεπαιδεῦσθαι,
1115 2369 1157 2464 ὥς
1189 2404 1283 2475 φησιν
1311 2374 1444 2476 ἐκεῖνος,
1469 2369 1562 2453 οίιδὲν

432 2493 473 2573 ἂν
501 2493 639 2575 ἐκώλυέν
666 2527 700 2574 σε
727 2491 847 2573 αὐτίκα
872 2492 970 2597 μαΊια
998 2495 1115 2573 εἰδέναι
1141 2492 1201 2580 τὴν
1225 2493 1383 2580 α’λῆθειαν
1407 2502 1474 2600 περὶ
1493 2499 1563 2574 ο’νο·

429 2614 543 2721 μοίτων
567 2617 754 2723 ὀρθότητος·
778 2624 835 2694 νῦν
859 2616 895 2695 δὲ
911 2613 972 2694 οὐκ
987 2614 1135 2710 οίκῆκοα,
1150 2611 1239 2694 αλλὰ
1251 2615 1311 2701 τὴν
1329 2620 1557 2722 δραχμιαίαν·

431 2735 548 2820 οὔκουν
580 2737 672 2843 οἶδα,
699 2753 745 2845 πῇ
772 2771 844 2818 ποτε
870 2739 906 2818 τδ
935 2736 1053 2832 αἊηθὲς
1079 2735 1145 2843 ἔχει
1172 2744 1239 2843 περὶ
1269 2752 1333 2816 τῶν
1359 2734 1523 2820 τοιούτων.
1533 2737 1560 2841 ⁸)

476 3015 502 3082 1)
520 3011 682 3067 &remum
705 3014 770 3064 baec
792 3013 825 3064 sd
844 3013 981 3063 obscuram
999 3013 1154 3078 Protagorae
1173 3012 1317 3062 orationem
1335 3012 1427 3064 refert:
1448 3014 1563 3067 Platon’s

429 3102 591 3153 simmtliche
615 3101 721 3152 Werke.
745 3100 897 3152 Uebersetzt
918 3115 970 3149 von
991 3100 1177 3149 Hrnnormrvs
1196 3099 1323 3165 numen,
1341 3100 1389 3150 mit
1408 3101 1562 3169 Einleitung

428 3189 553 3255 begleitet
570 3204 623 3238 von
639 3188 720 3238 Km
736 3186 905 3252 Srsrrrrrnrtr,
922 3187 971 3236 111.
990 3185 1068 3253 1852,
1083 3202 1143 3252 pag.
1161 3196 1208 3251 45:
1230 3202 1296 3252 „nur
1312 3186 1373 3237 dass
1383 3203 1411 3237 er
1426 3187 1560 3258 [Prema]

429 3276 506 3341 den,
530 3275 591 3325 wie
616 3289 650 3325 es
668 3273 818 3340 scheint,
837 3279 939 3323 etwas
957 3272 1110 3323 dunkeln
1128 3273 1194 3323 ond
1212 3273 1464 3324 rtthselhar'ten
1483 3277 1561 3327 Ans·

429 3361 533 3412 drnclr
560 3357 784 3429 derselben⁴¹)
807 3359 865 3426 [der
889 3358 986 3410 Schrit't
1012 3359 1058 3409 des
1083 3359 1245 3427 Protagoras]
1265 3361 1292 3410 in
1311 3361 1370 3411 eine
1388 3359 1488 3413 klarere
1506 3364 1561 3413 und

427 3448 556 3499 sebtlrsere
581 3450 659 3498 Form
683 3445 859 3513 bringt....”
878 3454 905 3496 et
923 3445 1039 3497 adhaec
1057 3445 1146 3497 adnot.
1165 3460 1200 3509 42
1218 3445 1254 3514 (o.
1265 3447 1283 3498 l.
1303 3463 1364 3513 pag.
1384 3447 1462 3516 208):
1482 3450 1560 3517 ,Vgt

428 3536 454 3587 S.
477 3546 533 3601 152.
558 3537 614 3587 Nur
637 3537 665 3586 in
684 3536 769 3586 dieser
786 3534 931 3585 Rficlrsicht
952 3534 1051 3584 konnte
1069 3534 1113 3584 die
1132 3535 1255 3600 tibrigens
1274 3552 1303 3585 so
1322 3535 1488 3586 wasserlrlsre
1506 3537 1561 3588 und

427 3623 629 3689 handgreifliche
645 3622 757 3673 Ansicht
765 3621 812 3672 des
826 3623 978 3687 Protagoras
988 3620 1014 3671 S.
1027 3621 1076 3687 156
1087 3622 1130 3671 ein
1141 3622 1294 3688 Mysterinm
1303 3629 1419 3689 genennt
1427 3622 1560 3673 werden.”

428 3710 496 3761 Vide
515 3718 602 3761 tamen
621 3711 766 3760 Worunnn
783 3708 817 3759 sd
834 3709 929 3758 locam.

473 3798 513 3848 Cr'.
532 3806 666 3864 praeterea
683 3797 763 3863 Gorg.
779 3807 831 3860 493
853 3797 885 3862 Α,
901 3810 955 3861 qno
969 3794 1030 3845 loco
1045 3794 1155 3845 adnotat
1171 3795 1293 3846 Sume
1311 3796 1421 3862 „Neque
1433 3796 1484 3847 hoc
1499 3797 1558 3847 loco

428 3883 595 3950 (vocabulum
618 3882 727 3951 κομψός)
751 3890 826 3933 vacat
847 3882 977 3949 irrisione,
994 3883 1017 3933 si
1035 3882 1142 3948 quidem
1160 3882 1335 3947 Empedocles
1353 3884 1462 3949 eiusque
1480 3890 1562 3934 secta·

429 3980 499 4023 tores
518 3980 661 4037 propter
679 3972 853 4021 obscuram
871 3968 1018 4020 docendi
1037 3970 1205 4019 rationem
1223 3969 1438 4037 carpuntur.”

472 4059 501 4126 2)
519 4057 571 4123 384
580 4060 610 4108 B.

472 4144 501 4213 3)
519 4147 585 4196 Cum
609 4145 642 4195 iis
666 4159 733 4210 quae
758 4159 836 4209 supra
860 4143 916 4193 dixi
941 4159 994 4193 non
1015 4149 1115 4209 pugnat
1131 4143 1160 4193 id
1179 4144 1251 4209 quod
1269 4144 1365 4211 legitur
1383 4145 1490 4196 Tbeeet
1513 4142 1564 4195 180

428 4233 450 4284 C
475 4247 529 4298 sq.:
609 4234 676 4297 παρὰ
693 4233 738 4294 μδν
755 4235 805 4281 rvr
821 4232 934 4296 ἀρχαίαν
951 4233 1019 4293 perir
1032 4229 1153 4289 ποιήσεαι
1162 4228 1378 4295 intermoritur
1387 4235 1446 4293 τους
1454 4231 1564 4291 πολλούς

426 4353 496 4373 .....
517 4316 585 4379 παρὰ
608 4314 636 4365 δὲ
652 4319 701 4364 vsu
719 4312 828 4377 δστίρινν
844 4314 893 4364 lter
910 4310 1055 4377 σοφιιτίρνιν
1072 4310 1213 4376 ἀναφανδὸν
1229 4313 1448 4377 ἀποδεικνυμένων,
1465 4314 1505 4363 ’ίνιι
1522 4314 1565 4364 καὶ

426 4399 452 4448 οἱ
466 4398 620 4460 σκυτοτόμον
634 4394 717 4447 οὔτῶν
730 4399 776 4455 τῆν
792 4396 882 4460 σοφίαν
898 4394 1009 4457 μύθοισιν
1023 4393 1177 4453 ἀκούσαντες
1187 4434 1193 4446 .
1203 4433 1210 4446 .
1220 4433 1243 4454 .,
1257 4397 1378 4458 μαδίντνς
1392 4394 1415 4446 δ’
1430 4394 1565 4446 δτιπάντα

425 4486 529 4534 κινεῖται
544 4487 652 4548 repleo
665 4479 759 4542 abrade
774 4493 849 4534 ιι.τ.κ
866 4481 925 4530 Hoc
935 4480 994 4531 loco
1003 4496 1058 4530 non
1067 4479 1100 4530 de
1110 4497 1209 4530 arcana
1219 4481 1332 4545 quedam
1342 4482 1460 4532 doctrina
1469 4481 1564 4548 agitur,

428 4587 443 4620 a
467 4569 572 4636 vulgata
597 4568 715 4619 doctrina
738 4567 905 4634 abhorrente,
929 4567 976 4617 sed
999 4566 1032 4616 de
1057 4572 1164 4617 externa
1184 4568 1263 4619 unius
1283 4569 1416 4619 doctrinse
1436 4567 1518 4618 forme
1535 4582 1566 4617 ec

428 4657 516 4722 specie
547 4655 713 4707 abstrusiore.
740 4656 876 4708 Platonem
903 4670 965 4705 vero
991 4668 1046 4704 non
1074 4669 1180 4705 necesse
1207 4655 1343 4724 habuisse,
1369 4655 1563 4708 multitudinem
