3717 5575
968 623 1039 692 Ι44

433 800 697 873 Reverane
752 797 840 870 hoc
893 794 1004 869 loco
1061 794 1307 895 Orpheum
1361 795 1564 891 hymnos

434 922 621 996 secisse
644 919 906 1018 significat
930 917 1057 992 Panto
1080 917 1269 992 litteris
1293 916 1564 1006 mandatos

432 1060 479 1120 et
516 1070 565 1118 se
602 1068 749 1117 nosse
786 1042 872 1116 hos
910 1040 1203 1139 profitetur?

482 1164 576 1238 Sunt
614 1164 676 1262 qui
713 1163 890 1236 dixerint:
929 1177 969 1235 ut
1005 1163 1053 1235 de
1081 1161 1338 1234 Tmnnuauno
1348 1156 1375 1257 ¹)
1404 1175 1563 1249 taceam,

430 1285 695 1363 recentioribus
708 1285 939 1382 temporibus
950 1284 1097 1357 Wnnna
1108 1284 1215 1356 huius
1225 1282 1408 1380 opinionis
1417 1282 1564 1356 adiutor

428 1426 632 1507 auctorque
658 1407 807 1481 exstitit.
823 1402 861 1503 ⁸).

484 1531 577 1604 Mihi
605 1529 728 1627 potius
756 1528 931 1602 convenit
952 1553 1036 1601 cum
1059 1528 1263 1618 Lonnctum
1286 1528 1349 1624 qui
1366 1526 1558 1625 Aglaoph.

428 1677 543 1750 pagg.
590 1655 664 1745 389
689 1675 771 1746 sqq.
814 1650 885 1723 hoc
927 1648 1041 1722 modo
1083 1648 1236 1722 iudicat:
1286 1650 1559 1741 „..homines

429 1775 597 1849 literatos
632 1772 768 1871 legisse
804 1771 944 1868 aliquid
981 1771 1029 1845 de
1063 1772 1135 1844 hoc
1169 1796 1309 1869 genere
1346 1773 1561 1861 carminum,

430 1896 530 1971 nullo
558 1895 691 1969 indicio
719 1909 835 1992 patet.
866 1892 1122 1967 Platonem
1153 1894 1347 1990 quidem
1376 1894 1561 1967 frustra

428 2033 715 2093 antestatur
760 2015 1140 2089 Tiedemannus.
1186 2014 1302 2089 Nam
1346 2016 1473 2112 quod
1515 2017 1560 2088 in

430 2142 579 2239 Legg.
619 2138 748 2212 VIII.
791 2134 967 2233 849³)E.
1007 2152 1147 2210 vetat
1178 2140 1235 2240 μή
1264 2169 1365 2215 τινα
1392 2145 1559 2241 τολμᾷν

433 2336 618 2350 ———-

472 2445 571 2495 Eadem
588 2451 627 2494 est
645 2445 711 2494 ratio
729 2445 801 2494 vocis
820 2460 887 2509 quae
905 2451 946 2494 est
963 2443 1076 2504 Γόργιιοε
1094 2445 1170 2493 Hou.
1189 2442 1238 2495 Od.
1259 2444 1290 2506 L,
1307 2442 1374 2505 634:

666 2572 702 2634 ml
719 2591 761 2633 lm
779 2574 893 2636 Γοργόν
910 2574 1022 2635 κεφαλὴν
1039 2571 1126 2624 δεινοῖο
1143 2571 1252 2634 marim

666 2656 703 2721 ’ἐξ
720 2654 807 2705 Ἀίδα
824 2653 946 2716 πέμψειεν
962 2655 1047 2719 ἀγανὴ
1065 2656 1237 2719 Πιρσεφονεία.

426 2777 455 2830 cs
478 2776 554 2828 Iliad.
572 2774 604 2842 E,
624 2787 682 2838 741.

472 2913 593 2963 Ceterum
610 2908 754 2959 notandum
772 2915 820 2972 est,
836 2908 1011 2974 Lonttcxwtt,
1027 2908 1158 2973 Aglaoph.
1174 2909 1185 2957 I
1203 2924 1229 2973 p.
1247 2920 1297 2972 390
1313 2908 1435 2959 exhibere
1451 2910 1559 2975 Ὀρφέως

428 3015 476 3065 pro
502 2993 619 3057 Ὀρφείων
644 2995 780 3044 ΡιΑτοΝιε
798 2996 879 3060 Legg.
898 2994 966 3044 loco.

474 3084 501 3152 ι)
520 3084 560 3134 ct.
579 3084 701 3147 Loancx,
721 3081 852 3147 Aglaoph.
871 3081 885 3130 1
904 3097 930 3146 p.
951 3080 1011 3145 389.

472 3173 500 3240 a)
518 3171 570 3222 0.1.
596 3186 656 3235 pag.
682 3182 730 3232 34:
756 3169 823 3233 „Die
848 3168 971 3232 Hymnen
997 3168 1043 3218 des
1064 3168 1096 3220 Ο.
1116 3170 1178 3219 aber
1195 3178 1310 3219 mussten
1329 3169 1357 3219 in
1376 3170 1482 3220 Platons
1500 3171 1556 3220 Zeit

426 3261 485 3312 sehr
503 3258 620 3309 bekannt
638 3270 759 3321 gewesen
779 3255 845 3320 sein,
863 3263 936 3304 sonst
954 3256 1054 3305 kdnute
1073 3271 1101 3304 er
1119 3256 1157 3304 sie
1176 3256 1245 3305 wohl
1262 3256 1336 3306 nicht
1352 3256 1466 3321 exempli
1481 3273 1557 3306 causa

426 3349 454 3399 in
474 3347 545 3397 einer
563 3343 651 3393 Weise
670 3341 818 3407 erwlthnen,
835 3341 878 3391 die
894 3342 931 3391 aie
946 3342 986 3391 als
1001 3343 1093 3391 seinen
1111 3344 1208 3392 Lesern
1219 3342 1505 3408 geliufigvoraussetzt.
1516 3381 1523 3394 .
1534 3379 1557 3393 ..

426 3432 543 3496 Wichtig
567 3431 610 3494 ist,
634 3428 693 3478 dass
715 3428 807 3478 Platon
830 3428 970 3493 orphisehe
989 3430 1113 3493 Hymnen
1132 3430 1280 3495 uberhaupt
1297 3439 1389 3495 neunt,
1407 3431 1495 3480 vomit
1514 3431 1558 3481 be-

427 3528 503 3585 zeugt
528 3519 570 3581 ist,
594 3516 653 3565 dass
677 3514 743 3564 auch
767 3515 826 3565 dem
847 3515 992 3565 nitertume
1011 3516 1099 3566 solche
1117 3516 1233 3567 bekannt
1252 3532 1389 3566 waren...
1409 3517 1496 3566 Wenn
1515 3517 1557 3567 die

427 3607 518 3656 Worte
542 3603 574 3652 de
598 3600 668 3667 legg.
689 3615 716 3665 p.
736 3600 819 3665 715E
837 3597 918 3662 ἀρχήν
933 3615 963 3648 τε
980 3599 1023 3647 καὶ
1040 3599 1163 3655 τελευτὴν
1180 3599 1221 3648 καὶ
1239 3598 1307 3660 μέσα
1324 3606 1373 3648 τῶν
1388 3598 1465 3649 ’ὄντων
1483 3603 1557 3652 witk-

427 3691 481 3742 lich
499 3690 546 3740 anf
560 3688 638 3738 einen
653 3686 810 3751 orphischen
832 3688 896 3737 Vers
916 3689 1064 3754 anspielem
1083 3689 1131 3738 wie
1150 3689 1193 3738 die
1212 3689 1333 3739 Seholien
1353 3689 1511 3755 behaupten,
1528 3706 1557 3739 so

426 3793 486 3842 mag
504 3776 589 3825 dieser
606 3787 652 3822 aus
667 3772 753 3821 einem
768 3772 981 3839 hymnosartigen
997 3775 1124 3824 Gedichte
1140 3783 1275 3839 stammen,
1290 3774 1338 3823 wie
1354 3775 1462 3840 Gruppe
1479 3775 1559 3825 wahr-

427 3862 571 3916 aeheinlich
589 3858 708 3925 gemacht
727 3857 797 3908 hat.'’

472 3950 522 3999 Vix
541 3957 628 3997 tamen
646 3960 704 3994 cum
721 3944 793 3994 hisce
814 3960 958 4011 congruere
977 3947 1040 3996 mihi
1059 3948 1187 4012 videntur,
1204 3963 1271 4012 quae
1286 3947 1377 3997 eadem
1393 3964 1454 4013 pag.
1469 3949 1559 3999 scribit

427 4038 546 4087 Wrtuntt:
557 4033 616 4098 „ob
626 4032 697 4081 diere
708 4031 836 4081 Gedichte
852 4033 993 4082 schristl
1001 4035 1009 4082 i
1017 4034 1054 4084 ch
1070 4033 1264 4099 ausgezeichnet
1274 4049 1369 4100 waren,
1379 4035 1414 4083 ob
1422 4033 1514 4083 Platon
1521 4035 1559 4084 sie

427 4125 565 4191 gelesen
582 4120 664 4183 hatte,
678 4119 741 4168 lasst
756 4135 802 4168 aus
820 4119 866 4168 der
882 4119 1018 4170 einfachen
1037 4121 1205 4185 Erwahnung
1215 4120 1270 4169 sich
1280 4119 1353 4169 nicht
1363 4119 1559 4170 entscheiden.’‘

427 4211 532 4261 Etenim
557 4207 621 4273 quid
646 4205 718 4254 aliud
741 4205 918 4257 demonstrare
943 4215 1051 4257 conatus
1069 4210 1125 4257 est?
1144 4207 1272 4272 Alioquin
1289 4223 1334 4257 cur
1354 4209 1490 4272 impugnat
1508 4210 1559 4258 Lo·

427 4296 566 4346 naculum?
585 4293 670 4354 Quam
687 4291 765 4340 aliam
783 4292 818 4341 ob
837 4307 940 4342 causam
959 4293 1016 4358 ipse
1035 4293 1174 4343 verisImile
1191 4300 1273 4357 putat,
1289 4308 1401 4358 versum,
1415 4295 1559 4359 quemipse

428 4384 521 4434 Panno
539 4378 780 4443 commemoratam
799 4379 925 4429 eiusmodi
943 4380 1068 4445 hymnum
1087 4381 1233 4446 pertinere?
1252 4380 1386 4429 Traditum
1405 4379 1493 4446 luisse,
1511 4380 1559 4431 Or-

433 4471 530 4537 pheum
545 4466 660 4517 carmina
673 4464 765 4515 fecisse
781 4466 809 4515 in
824 4466 950 4517 honorem
966 4468 1080 4533 deorum,
1095 4467 1156 4518 satis
1172 4474 1283 4533 constat,
1297 4482 1384 4532 neque
1394 4483 1409 4516 a
1418 4469 1559 4517 Loaacmo

431 4565 553 4622 negatum
571 4554 620 4604 hoc
639 4559 724 4602 autern
744 4567 776 4601 ex
795 4553 931 4603 Patronus
949 4556 1072 4620 operibus
1090 4554 1265 4605 demonstrare
1285 4568 1390 4603 necesse
1408 4570 1461 4604 non
1481 4564 1544 4604 erat.

471 4642 500 4710 ³)
518 4643 586 4706 heae
606 4638 666 4702 829·
