3717 5575
984 636 1029 704 16
1527 597 1534 646 t

437 827 494 902 illo
534 852 580 901 ex
615 827 792 901 Socnhrrs
828 826 950 902 schola
986 829 1157 919 ciderunt,
1194 829 1282 904 inter
1314 856 1406 927 quos
1432 831 1573 904 nomino

437 950 704 1024 Amtsntauau
727 950 910 1046 Cynicum,
936 977 1094 1048 quocum
1114 976 1210 1048 quae
1224 952 1313 1026 ratio
1325 952 1575 1026 intercessisset

437 1074 611 1162 Pttrorn,
648 1072 815 1170 imprimis
850 1073 945 1146 hisce
981 1074 1203 1171 temporibus
1230 1091 1285 1148 est
1308 1075 1535 1171 disputatum.
1549 1074 1573 1171 ¹)

436 1196 524 1270 Item
559 1196 588 1270 si
624 1196 686 1294 qui
713 1194 768 1269 alii
795 1211 877 1269 sunt
903 1194 1057 1269 Platonis
1083 1196 1268 1294 aequales,
1297 1197 1317 1269 ii
1344 1223 1415 1271 non
1442 1198 1573 1271 cadunt

435 1319 469 1391 in
504 1320 573 1393 hoc
609 1335 883 1419 argumentum3
918 1318 1168 1415 sophistarum,
1207 1320 1268 1417 qui
1304 1321 1476 1410 dicuntur,
1508 1346 1573 1395 eos

435 1457 573 1516 tantum
600 1442 786 1541 attingam,
817 1441 878 1538 qui
904 1440 1060 1516 Platonis
1085 1458 1242 1516 aetatem
1270 1443 1493 1518 antecedunt.

488 1564 656 1662 Denique
683 1563 767 1662 quid
791 1563 837 1636 de
859 1564 938 1660 ipso
961 1563 1131 1638 Socnnw
1152 1564 1302 1663 eiusque
1324 1566 1480 1639 doctrina
1492 1590 1570 1639 cen·

435 1688 544 1762 suerit
564 1688 699 1777 Pmro,
722 1687 813 1761 hanc
836 1687 885 1762 ob
908 1713 984 1761 rem
1007 1714 1076 1762 non
1095 1689 1455 1778 examinatmussum,
1472 1688 1571 1787 quod

435 1809 502 1898 hic,
526 1809 703 1883 Socnnns
715 1809 894 1909 ingenium
907 1826 945 1884 et
958 1810 1152 1885 docuinam
1166 1811 1301 1909 seriptis
1314 1812 1385 1886 suis
1399 1813 1574 1887 inmorta-

433 1932 517 2006 litati
543 1933 683 2007 tradere
712 1933 867 2030 cupiens,
896 1959 1041 2008 omnem
1068 1935 1142 2008 iere
1164 1960 1367 2009 sermonem
1391 1934 1573 2032 plerisque

432 2054 466 2127 in
492 2054 640 2155 dialogis
666 2054 710 2128 illi
736 2056 853 2130 tribuit
878 2056 927 2130 ita
955 2073 994 2131 ut
1016 2057 1050 2129 in
1071 2057 1124 2129 his
1148 2057 1252 2131 huius
1274 2056 1497 2156 philosophia
1515 2057 1574 2129 vix

434 2178 482 2251 ab
505 2176 592 2252 illius
614 2177 760 2251 discerni
782 2203 890 2274 posse
912 2178 1085 2253 videatur.
1101 2180 1291 2253 Praeterea
1304 2178 1394 2251 haec
1409 2177 1574 2275 quaestio

434 2302 483 2376 ab
510 2299 664 2401 egregiis
690 2300 769 2373 vin's
796 2300 908 2374 doctis
934 2302 1078 2398 saepius
1105 2318 1160 2376 est
1187 2317 1347 2376 tractata.

491 2602 524 2672 3.
554 2578 592 2650 ss.
624 2576 810 2670 Quibus
845 2578 1026 2650 Pnnroms
1063 2577 1227 2652 iudicii
1259 2577 1475 2677 cognitio
1501 2577 1572 2649 ob·

435 2716 623 2775 structa
662 2701 722 2773 sit
758 2700 1144 2774 difficultatibus
1175 2726 1275 2774 cum
1312 2725 1335 2774 a
1369 2698 1572 2773 Platone

434 2840 529 2898 tum
566 2849 589 2898 a
621 2824 866 2922 prioribus
892 2812 1216 2922 philosophis,
1244 2839 1335 2897 tum
1363 2822 1488 2920 quod
1514 2822 1571 2896 ad

436 2947 706 3020 universam
730 2947 1076 3044 quaestionem.
1102 2947 1247 3020 Finibus
1266 2945 1572 3043 quaestionispro

434 3069 555 3167 positis
591 3085 628 3143 et
662 3068 701 3142 iis
738 3094 834 3166 quae
869 3068 926 3142 illa
962 3071 1177 3144 continentur
1208 3067 1388 3166 explicatis
1414 3066 1571 3142 nondum

434 3193 482 3265 ad
514 3193 628 3289 ipsam
662 3191 811 3292 adgredi
837 3192 1111 3289 disputationem
1139 3192 1220 3264 mihi
1245 3190 1341 3265 licet:
1370 3191 1467 3289 pn'us
1494 3213 1568 3287 qua

434 3314 569 3389 ratione
591 3340 634 3388 ac
657 3314 714 3388 via
731 3314 983 3411 disputandum
997 3315 1051 3403 sit,
1066 3315 1226 3388 constitui
1239 3330 1405 3410 oportere
1418 3313 1567 3386 videtur.

489 3437 592 3510 Hanc
606 3453 727 3511 autem
744 3462 818 3535 quo
828 3437 943 3510 minus
951 3462 1211 3536 cognoscamus
1220 3437 1364 3511 obstant
1374 3436 1567 3535 quaedam,

435 3560 468 3633 in
494 3558 602 3656 ipsius
623 3559 823 3658 argumenti
845 3575 972 3633 natura
995 3560 1072 3649 sita,
1096 3558 1142 3632 de
1166 3560 1297 3656 quibus
1310 3575 1506 3656 antequam
1521 3558 1569 3631 ad

436 3683 550 3781 ipsam
560 3681 806 3779 quaestionem
815 3681 1042 3772 accedamus,
1051 3681 1317 3755 en'tdicendum.
1328 3680 1468 3775 Quodsi
1476 3682 1569 3755 enim

435 3804 569 3893 prmo,
586 3803 670 3878 utin
684 3804 935 3901 Metaphysieis
950 3804 1211 3893 Ansromms,
1225 3819 1399 3902 perpetua
1412 3804 1570 3878 oratione

436 3934 564 4020 θετικῶς
587 3926 673 4025 quid
695 3927 742 3999 de
754 3927 927 4024 prioribus
941 3927 1108 4001 iudicaret
1121 3925 1377 4024 explicavisset,
1392 3925 1450 3999 vel
1464 3927 1570 4000 etiam

435 4049 566 4149 dialogi
578 4049 691 4122 forma
705 4075 791 4122 usus
804 4049 921 4122 varias
933 4048 1069 4124 illorum
1079 4049 1254 4123 doctrinas
1262 4050 1331 4123 sub
1341 4074 1414 4123 uno
1422 4064 1570 4146 aspectu

436 4172 624 4273 posuisset,
639 4170 674 4243 id
688 4171 787 4269 quod
801 4169 941 4244 inlibris
953 4179 1019 4277 περὶ
1034 4178 1220 4275 φιλοσοφίας
1229 4171 1360 4272 dialogi
1370 4172 1571 4245 formacon·

483 4446 509 4515 ι)
529 4446 570 4497 Ct'.
589 4447 623 4496 K.
643 4445 749 4511 Unum,
768 4449 793 4494 ss.
813 4443 840 4494 d.
855 4444 1056 4512 Erwtthnuugeu
1072 4447 1098 4496 d.
1115 4445 1182 4495 Phil.
1201 4444 1248 4495 des
1264 4446 1296 4494 Α.
1313 4445 1330 4494 ἰ.
1345 4443 1371 4494 d.
1387 4444 1452 4509 plat.
1467 4442 1571 4494 schrift.

493 4534 537 4584 b.
560 4531 636 4583 1882.

435 4534 682 4684 &hemmam
708 4617 902 4684 Antisthenics,
921 4619 983 4669 Hal.
1005 4618 1080 4671 1882.
1097 4619 1139 4669 Cf.
1155 4620 1309 4685 Wontunss,
1324 4618 1432 4669 Theaet.
1451 4618 1570 4684 Prolegg.

436 4723 496 4772 pag.
515 4720 548 4770 29
558 4722 618 4771 sqq.
637 4707 755 4769 Zatttttt,
773 4705 820 4755 Ph.
838 4705 864 4754 d.
885 4704 930 4754 Gr.
951 4706 986 4770 11,
1007 4706 1041 4772 1⁴,
1060 4722 1120 4772 pag.
1141 4706 1192 4770 29⁶
1203 4721 1263 4770 sqq.
