3717 5575
977 687 1049 756 190

444 887 542 959 quae
565 862 716 936 obstare
739 859 917 935 diximus:
934 875 1129 958 praeterea
1143 858 1216 934 alio
1232 860 1346 933 modo
1360 859 1468 934 lacile
1482 860 1575 935 haec

442 984 680 1083 interpolatio
708 983 921 1082 explicatur,
952 983 990 1056 id
1018 983 1121 1081 quod
1148 983 1242 1057 inira
1270 982 1479 1057 ostendam.

487 1192 539 1243 Sed
560 1207 717 1258 quamquam
735 1192 844 1241 omnino
862 1207 917 1242 non
936 1191 1094 1258 reiragabor,
1111 1191 1134 1241 si
1153 1191 1213 1256 quia
1232 1191 1302 1241 Crat.
1321 1202 1374 1252 402
1390 1204 1450 1239 cum
1464 1188 1532 1238 Tim
1542 1200 1577 1250 40

444 1296 498 1330 non
522 1294 665 1345 congruere
689 1278 819 1344 ostendat,
837 1293 897 1328 cum
915 1279 1085 1343 posteriorem
1103 1278 1190 1328 locum
1208 1277 1241 1327 ad
1260 1276 1396 1342 Orpheum
1413 1275 1577 1326 referendum

442 1382 498 1416 esse
512 1381 616 1431 negem,
638 1364 690 1414 alia
715 1372 801 1414 tamen
820 1372 890 1430 sunt,
908 1379 976 1429 quae
994 1380 1035 1414 me
1053 1371 1160 1414 movent
1178 1369 1207 1414 ut
1224 1364 1293 1413 male
1310 1362 1471 1413 intellexisse
1490 1361 1578 1411 Gaur-

442 1464 509 1503 rrunr
527 1453 663 1502 Pmoms
680 1452 836 1502 sententiam
853 1451 970 1501 arbitrer.

487 1540 592 1590 Etenim
611 1540 633 1589 si
649 1547 749 1589 veteres
765 1546 881 1588 auctores
898 1538 1033 1589 Oceanum
1049 1539 1162 1604 primum
1177 1538 1294 1588 omnium
1303 1536 1421 1603 posuisse
1432 1535 1577 1601 significare

442 1626 567 1678 voluisset
586 1626 687 1691 Puero,
705 1641 750 1675 eos
769 1632 869 1676 tantum
887 1626 1026 1690 attulisset,
1045 1626 1090 1690 qui
1106 1625 1234 1675 eiusmodi
1250 1624 1314 1690 quid
1331 1624 1517 1690 significarent,
1527 1638 1576 1672 nec

443 1713 509 1763 alios
532 1713 689 1763 addidisset:
714 1712 750 1762 ita
776 1721 862 1763 tamen
886 1713 949 1763 satis
967 1712 1058 1777 inepte
1076 1714 1181 1778 egisset,
1199 1728 1271 1762 cum
1289 1719 1361 1762 tota
1380 1710 1577 1776 disputatio

442 1800 487 1850 sit
505 1815 571 1849 non
589 1799 628 1848 de
647 1798 799 1865 Oceano,
818 1798 876 1848 sed
896 1799 934 1848 de
953 1798 1046 1849 Rhea
1063 1806 1095 1848 et
1111 1799 1239 1848 Krono:
1255 1812 1305 1862 401
1318 1799 1349 1848 E:
1365 1793 1578 1857 nrrhi’hcrtaea

440 1879 534 1932 δέκατον
557 1880 626 1931 Ῥέαν
649 1881 691 1931 καὶ
711 1884 796 1943 Κρόνον
814 1879 1008 1942 έτντκέψαοθαν.
1025 1885 1076 1935 Sed
1094 1886 1174 1950 longe
1193 1901 1266 1935 secus
1285 1885 1361 1935 facit:
1379 1900 1475 1950 nempe
1494 1900 1526 1933 ex
1544 1883 1576 1932 iis

443 1986 509 2037 quos
528 1978 711 2022 commemorat
730 1971 800 2021 solus
816 1972 953 2022 Hounnus
968 1971 1053 2036 primo
1068 1971 1128 2022 loco
1142 1971 1277 2022 Oceanum
1292 1972 1410 2036 posuisse
1418 1971 1472 2020 dici
1482 1976 1577 2035 potest:

441 2054 523 2118 θέοτιρ
545 2050 578 2103 αθ
599 2055 710 2117 Ὅμηρος
735 2053 853 2105 Ὠκεανόν
876 2071 907 2105 το
931 2054 988 2105 θοῦν
1009 2054 1108 2119 γένεσίν
1131 2062 1206 2119 φησιν
1226 2053 1383 2116 καὶμητέρα
1400 2052 1492 2111 Talon
1510 2057 1578 2106 iuter

442 2153 542 2197 ceteros
567 2147 744 2197 Hnancnrrus
768 2146 801 2196 dc
820 2146 871 2196 diis
889 2146 998 2196 omnino
1016 2162 1070 2196 non
1089 2147 1167 2197 dicit:
1188 2142 1266 2206 Λέγει
1284 2160 1332 2192 τον
1351 2141 1522 2205 Ἡράκλειτος,
1538 2139 1580 2189 iri

441 2228 527 2278 πάντα
547 2232 627 2293 χωρεῖ
647 2229 689 2279 καὶ
711 2228 779 2280 attis
803 2228 880 2291 μένον,
896 2229 940 2279 καὶ
958 2232 1075 2291 τοταμοθ
1092 2230 1133 2294 θοῇ
1150 2229 1294 2296 έτκικθζαν
1312 2232 1347 2279 τα
1362 2229 1425 2279 θντα
1443 2231 1523 2293 λέγει,
1540 2227 1579 2277 lea

440 2309 477 2370 tte
500 2309 526 2371 tc
549 2313 593 2361 τὸν
616 2309 693 2361 αὺτὸν
718 2313 833 2373 ποταμὸν
858 2308 1089 2373 οθκθὶνέμβαένρ,
1109 2315 1195 2381 isqui
1215 2315 1305 2365 Rheae
1324 2322 1350 2365 et
1370 2316 1462 2364 Krono
1481 2327 1577 2363 nornen

442 2404 576 2470 imposuit,
593 2404 642 2453 hos
660 2403 819 2469 reliquorum
838 2403 945 2452 deorum
964 2409 1086 2468 parentes
1104 2402 1190 2452 dicere
1209 2402 1327 2452 videtur:
1345 2396 1413 2447 δοκεῖ
1427 2415 1466 2447 τον
1481 2396 1581 2446 ἀλλοιό-

441 2502 510 2548 τερον
533 2487 699 2549 Ἡρακλείτου
723 2488 783 2537 νοκῖν
804 2486 818 2535 θ
839 2484 967 2547 τιθέμενος
988 2487 1043 2544 τοῖς
1065 2489 1115 2534 ebs
1137 2484 1221 2535 ἄλλον
1244 2484 1301 2536 θοῦν
1317 2488 1445 2549 προγόνοις
1462 2484 1530 2535 Ῥέαν
1547 2499 1578 2532 τε

441 2568 483 2618 καθ
506 2570 606 2630 Kedron
630 2572 745 2637 denique
770 2571 901 2621 Onrnrsus
919 2571 1032 2637 primum
1051 2571 1184 2621 Oceanum
1205 2572 1399 2622 matrimonium
1416 2569 1576 2621 contraxisse

441 2658 582 2723 significat:
607 2659 677 2708 solus
696 2659 835 2707 Hnsronus
853 2674 912 2708 cnm
930 2658 1055 2707 Honuao
1073 2658 1211 2708 concinere
1229 2658 1358 2708 dicituro
1376 2657 1510 2721 Socnsra,
1530 2655 1577 2706 sed

442 2744 464 2795 is
487 2743 649 2795 dubitantius
675 2744 796 2811 quidem:
815 2736 885 2803 ripae
902 2741 933 2794 δέ
951 2740 994 2791 καὶ
1011 2739 1126 2800 Ἡσίοδος
1145 2744 1204 2812 [nec
1221 2752 1311 2796 uotum
1327 2752 1367 2795 est
1376 2744 1503 2794 eiusmodi
1513 2742 1578 2809 quid

442 2833 470 2882 in
489 2832 602 2883 carmine
620 2832 769 2897 Hesiodeo,
788 2832 822 2883 cl.
842 2833 956 2883 Suntne,
976 2849 998 2883 a.
1008 2832 1048 2900 1.].
1067 2834 1181 2883 Tantum
1200 2834 1279 2899 igitur
1297 2834 1379 2898 abest,
1397 2839 1426 2882 ut
1442 2847 1531 2881 omnes
1547 2829 1576 2879 hi

442 2919 576 2970 Oceanum
591 2920 702 2985 primum
717 2918 836 2985 posuisse
851 2920 1041 2986 significentur,
1056 2928 1085 2970 ut
1098 2937 1177 2970 unum
1187 2922 1333 2970 nonanus
1344 2919 1396 2969 tale
1406 2918 1471 2984 quid
1480 2918 1578 2968 dixisse

443 3023 492 3073 pro
513 3015 585 3058 certo
608 3008 760 3074 affirmetur;
784 3007 849 3073 quin
874 3008 952 3058 etiam
977 3007 1064 3073 ipsum
1089 3009 1236 3058 Houuaunr
1258 3008 1325 3057 alius
1344 3007 1380 3057 rei
1399 3021 1476 3057 causa
1493 3004 1578 3055 afferri

442 3109 520 3160 quam
544 3099 572 3143 ut
597 3093 731 3143 Oceanum
756 3094 868 3159 primurn
886 3096 1004 3159 posuisse
1025 3110 1084 3144 eum
1102 3095 1261 3159 ostendatur,
1280 3100 1390 3160 apparet
1407 3109 1439 3144 ex
1458 3092 1491 3141 iis
1511 3106 1578 3157 quae

442 3180 582 3231 Socmm
602 3180 666 3230 dicit
684 3193 736 3242 402
747 3182 786 3229 A:
805 3178 853 3227 Τθν
872 3176 1033 3240 Ἡράκλειτόν
1053 3195 1094 3239 μον
1112 3175 1174 3227 iord
1192 3177 1294 3239 καθορθν
1311 3177 1406 3226 παλαί’
1424 3175 1495 3225 έέττα
1512 3176 1580 3237 σοφὰ

440 3263 559 3329 λέγοντα,
575 3264 725 3327 breme
744 3265 784 3314 ric
801 3261 856 3315 tet
872 3269 989 3327 Κρόνου
1005 3265 1060 3315 καὶ
1077 3264 1178 3324 Ῥέας,
1195 3263 1213 3314 tt
1231 3265 1285 3315 καὶ
1300 3265 1438 3326 Ὅμηρος
1454 3262 1578 3325 taron.

487 3349 664 3400 Nihilominus
688 3350 753 3400 haec
777 3350 864 3400 omnia
887 3351 957 3400 inter
980 3367 1007 3400 se
1024 3351 1162 3401 concinere
1182 3351 1317 3400 dicuntur:
1335 3348 1414 3396 ταῦτ’
1431 3341 1473 3396 cir
1490 3349 1576 3396 cabrer

439 3432 479 3483 θτι
497 3432 540 3481 καὶ
553 3431 676 3491 ἀλλήλοις
692 3434 821 3495 ουμφανκῗ
836 3432 878 3482 καὶ
894 3435 953 3495 πρὸς
970 3437 1005 3483 τοι
1022 3437 1069 3483 τοῦ
1087 3433 1250 3495 Ἡρακλείτου
1267 3433 1353 3483 eavea
1371 3435 1453 3484 τοίνυν.

484 3519 558 3582 Quae
577 3526 615 3568 est
634 3518 714 3583 igitur
731 3519 780 3569 ista
798 3519 867 3569 inter
885 3526 937 3569 tam
950 3519 1126 3584 discrepantia
1141 3520 1296 3570 consensio?
1311 3521 1373 3585 lpse
1389 3520 1481 3569 Puero
1491 3519 1571 3585 signi·

442 3605 515 3656 ficat:
539 3603 574 3652 Τέ
593 3596 647 3659 alin
672 3600 739 3652 δοκεῖ
760 3619 799 3651 τον
821 3602 980 3666 έλλονθτορον
1004 3603 1168 3665 Ἡρακλείτου
1192 3605 1252 3653 roris
1275 3603 1289 3651 θ
1311 3602 1436 3664 τιθέμενος
1457 3605 1511 3662 τοῖς
1528 3608 1579 3652 τῶν

439 3688 523 3740 θθλλυν
546 3688 603 3740 θοᾶν
626 3691 752 3753 προγόνοις
773 3689 841 3741 Ῥέαν
858 3709 888 3741 τι
905 3691 949 3742 καὶ
965 3693 1064 3753 Κρθνονς
1082 3687 1141 3753 θρα
1158 3689 1215 3742 νέον
1232 3691 1295 3741 ἀπὸ
1312 3694 1369 3741 τοῦ
1386 3690 1578 3753 αι’ντομθτου

440 3769 539 3822 airis
562 3771 768 3835 ἀμφοτέροις
792 3772 958 3836 ῥευμάτιον
980 3774 1130 3835 θνθριατα
1153 3771 1278 3830 θέοθαν;
1302 3773 1403 3836 θέτττρ
1419 3768 1452 3823 αθ
1469 3773 1580 3834 Ὅμηρος

440 3852 559 3904 Ὠκεανόν
576 3869 606 3902 rr
621 3852 678 3903 latis
692 3864 767 3904 κ.τ.λ
778 3891 784 3903 .
794 3892 800 3904 .
812 3895 816 3903 .
827 3893 834 3912 ,
847 3851 918 3916 eluar
931 3853 960 3904 il
973 3854 1016 3904 ael
1034 3852 1157 3911 Ἡσίοδος.
1168 3853 1238 3920 λέγον
1248 3852 1276 3904 δέ
1284 3872 1332 3904 του
1341 3854 1383 3905 καθ
1392 3856 1495 3918 'oporte
1503 3865 1579 3905 ras-Ji.

486 3938 538 4004 En,
555 3937 607 3988 iarn
623 3938 705 3988 habes
724 3938 789 4003 quid
807 3939 859 3989 sibi
877 3940 942 3990 velit
957 3941 1064 3990 Panto:
1080 3940 1169 3989 Rheae
1185 3956 1281 3990 nornen
1296 3942 1402 3990 averbo
1413 3936 1460 3999 θεῖν
1470 3939 1576 3990 ductum

441 4039 498 4075 esse
522 4032 612 4090 putat:
636 4025 726 4090 itaque
747 4041 807 4075 eum
825 4027 871 4092 qui
890 4042 987 4078 nomen
1005 4027 1056 4078 hoc
1076 4035 1103 4077 et
1122 4026 1206 4076 Kroni
1225 4052 1261 4066 -
1279 4027 1351 4092 quod
1368 4027 1439 4077 idem
1457 4042 1516 4077 curn
1530 4027 1578 4076 hu·

442 4112 513 4162 mido
537 4112 657 4163 cohaeret
680 4111 726 4177 (cf.
752 4113 883 4163 Roscrrm
907 4113 961 4164 o.l.
988 4114 1023 4180 11,
1050 4127 1073 4180 1,
1099 4114 1149 4164 col.
1179 4125 1243 4177 1471
1269 4114 1342 4179 sqq.)
1360 4142 1396 4151 -
1417 4113 1500 4178 dedit,
1518 4128 1576 4162 cum

442 4199 606 4248 Hunneuro
624 4197 740 4247 confert:
759 4198 845 4263 huius,
860 4198 958 4265 inquit,
972 4207 1035 4250 nota
1051 4200 1097 4249 illa
1112 4202 1256 4251 sententia:
1273 4197 1358 4246 πάντα
1370 4199 1449 4260 χαροῖ
1461 4194 1579 4246 καῖοῦδὶν

408 4313 412 4318 -
439 4281 516 4344 μένον,
539 4291 640 4334 vetusta
664 4282 792 4348 quaedam
813 4284 943 4350 sapientia
960 4286 1137 4352 continentur,
1155 4287 1188 4336 ad
1209 4287 1294 4335 Kroni
1312 4292 1339 4335 et
1357 4286 1446 4336 Rheae
1465 4294 1576 4336 aetatem

439 4370 608 4438 pertinentia,
632 4384 699 4434 quae
723 4370 814 4420 eadem
839 4370 891 4421 iarn
915 4370 982 4421 dixit
1006 4372 1156 4422 Hounnus:
1179 4388 1291 4438 quocum
1309 4373 1388 4423 ceteri
1407 4373 1453 4437 qui
1472 4387 1576 4423 enume-

439 4466 536 4525 rantur,
562 4455 742 4507 consentiant:
767 4472 877 4522 quorum
901 4458 1018 4508 omnium
1042 4459 1092 4509 hoc
1117 4464 1156 4507 est
1179 4474 1325 4525 commune,
1349 4466 1384 4509 ut
1411 4460 1444 4509 in
1470 4475 1576 4509 rerum

439 4545 575 4610 origine
594 4559 629 4594 ac
648 4549 769 4593 natura
787 4544 969 4609 plurimum
987 4545 1102 4595 valere
1121 4552 1245 4609 putent
1262 4544 1299 4592 ri
1317 4542 1400 4606 θέον,
1417 4533 1576 4612 fluidum,

439 4646 570 4698 aquam3
594 4639 629 4681 ut
652 4628 688 4676 ri
712 4626 774 4689 θεῖν
799 4631 843 4680 iis
868 4631 960 4695 quasi
985 4632 1032 4681 sit
1056 4633 1266 4697 principium
1290 4640 1322 4683 et
1345 4633 1440 4700 origo
1466 4648 1574 4683 rerum

440 4734 592 4768 omnium.
