3717 5575
818 626 889 697 ¹²3

285 800 513 896 quisiverant
548 816 605 874 est
642 818 786 893 actum,
819 802 949 875 deinde
978 801 1066 898 quid
1095 801 1143 875 de
1170 800 1325 875 aliorum
1355 803 1418 875 do·

283 937 452 1018 gmatum
481 922 694 1020 cognitione
718 924 797 1021 ipse
821 939 992 997 censeret
1015 924 1154 1014 Puro,
1180 924 1317 1023 quique
1342 923 1419 1021 phi·

284 1040 431 1141 losophi
467 1044 650 1118 tractandi
684 1062 821 1136 essent,
861 1061 918 1120 est
952 1044 1207 1143 exploratum,
1227 1055 1418 1143 postremo

286 1165 374 1263 quid
398 1167 446 1240 de
470 1167 617 1264 mythis,
643 1169 690 1241 de
705 1169 838 1264 poetis,
864 1170 912 1242 de
927 1167 1172 1259 multitudine,
1188 1170 1236 1243 de
1250 1168 1419 1243 barbaris

284 1288 462 1362 iudicaret
489 1290 629 1379 Pmo,
654 1306 838 1387 quatenus
861 1291 911 1364 ad
935 1288 1323 1398 philosophiamnquid
1338 1315 1417 1388 per·

283 1410 454 1501 tinerent,
484 1412 722 1485 constitutum
750 1429 818 1487 est.

339 1531 516 1607 Altera
553 1536 722 1632 operis
759 1535 902 1609 huius
938 1551 1081 1633 parte
1118 1536 1174 1609 de
1202 1533 1418 1633 singulis

285 1654 638 1753 disputaturus
665 1683 765 1730 sum
794 1655 1115 1755 philosophis.

338 1776 593 1874 Philosophis,
623 1778 787 1876 inquam,
817 1804 892 1853 non
912 1779 1260 1876 philosophematis.
1291 1779 1417 1877 Roga·

284 1898 380 1972 verit
411 1900 607 1997 quispiam,
636 1927 699 1975 cur
726 1902 762 1975 in
791 1902 898 1975 huius
926 1901 1043 2000 partis
1072 1902 1309 1999 discriptione
1330 1901 1424 1998 phi--

285 2022 521 2117 losophorum
557 2039 748 2097 secuturus
779 2024 847 2096 sim
878 2023 1059 2114 ordinem,
1088 2049 1162 2097 non
1183 2024 1419 2121 philosophe·

284 2151 441 2233 matum,
478 2144 515 2217 id
553 2145 655 2242 quod
693 2144 796 2219 multi
832 2146 986 2220 fecerint
1021 2146 1088 2218 viri
1125 2142 1275 2243 docti.¹)
1310 2143 1419 2218 Talia

286 2266 478 2363 quaerenti
503 2266 671 2341 ordinem
696 2267 793 2341 hunc
816 2268 958 2365 optime
982 2293 1094 2364 posse
1108 2268 1247 2342 servari
1261 2266 1419 2341 libenter

285 2389 470 2461 concedo:
496 2413 564 2462 nec
589 2414 729 2487 negare
753 2390 788 2463 in
814 2390 939 2463 animo
954 2406 1024 2481 est,
1040 2415 1081 2464 re
1093 2414 1185 2463 vera
1200 2389 1277 2463 fieri
1295 2414 1417 2487 posse,

287 2524 328 2582 ut
364 2509 518 2583 multam
557 2511 704 2586 adserat
739 2510 949 2602 utilitatem,
978 2513 1008 2585 si
1035 2513 1221 2586 variarum
1250 2537 1348 2610 quae
1370 2512 1419 2584 ad

287 2630 562 2730 philosophiam
585 2634 772 2731 pertinent
795 2634 1057 2730 quaestionum
1082 2633 1337 2708 describuntur
1351 2633 1418 2706 ori-

286 2755 462 2853 gines'ac
485 2757 766 2855 progressiones
790 2772 828 2831 et
852 2771 1089 2854 exponuntur
1112 2756 1418 2855 philosophorum

287 2877 456 2952 diversae
484 2878 532 2952 de
560 2879 602 2951 iis
630 2880 847 2953 sententiae.
881 2879 936 2953 At
959 2880 1157 2976 quominus
1180 2881 1217 2953 id
1240 2880 1312 2953 hoc
1335 2878 1418 2953 loco

287 2999 364 3088 fiat,
394 3002 546 3075 obstant
573 3003 783 3101 argumenti
811 3004 985 3077 rationes,

339 3121 488 3196 Etenim
508 3124 641 3219 primo
669 3150 743 3198 non
777 3123 898 3198 solum
925 3125 1086 3221 quidde
1109 3122 1418 3222 philosophorum

284 3245 470 3343 dogmatis
492 3262 644 3320 censeat
667 3247 806 3336 Puro,
832 3247 919 3320 mihi
943 3263 1001 3321 est
1023 3247 1271 3335 tractandum,
1288 3271 1418 3320 verum

285 3368 399 3440 etiam
436 3392 534 3464 quae
563 3368 610 3441 de
638 3369 680 3441 iis
706 3369 811 3465 ipsis,
841 3370 889 3443 de
917 3370 996 3443 vita
1024 3395 1154 3443 eorum
1182 3385 1221 3443 et
1247 3370 1420 3465 operibus

286 3489 432 3563 reserat.

341 3613 488 3686 Deinde
523 3613 602 3710 ipse
640 3613 767 3687 Pharo
803 3613 839 3686 in
872 3613 1048 3711 operibus
1074 3614 1149 3688 suis
1176 3612 1420 3711 philosophos

287 3734 407 3832 primo
435 3733 519 3808 loco
547 3761 688 3833 ponere
711 3733 818 3825 solet,
844 3761 918 3809 non
943 3735 1288 3833 philosophemata3
1312 3736 1419 3809 inter·

286 3857 375 3930 dum
413 3858 563 3953 quidem
601 3858 724 3931 varias
760 3859 808 3932 de
845 3858 1065 3955 quaestione
1098 3858 1223 3955 aliqua
1250 3873 1419 3932 recenset
1547 3950 1549 3955 γ

287 3980 501 4070 sententias
526 3980 593 4053 sed
617 4005 811 4055 recensere
830 3979 926 4055 solet
940 3981 992 4055 ita
1006 3997 1047 4055 ut
1060 3979 1167 4055 simul
1181 4007 1248 4055 eos
1263 3996 1417 4079 spectet,

288 4102 351 4198 qui
372 4102 441 4175 has
463 4102 667 4176 sententias
690 4102 941 4200 protulerunt:
967 4128 1027 4176 me
1046 4128 1148 4194 ver0,
1164 4104 1194 4177 si
1210 4105 1419 4177 Pnnronuu

288 4249 436 4321 sequor,
465 4249 548 4298 cum
573 4250 647 4297 non
671 4224 753 4321 ipsa
775 4224 1070 4322 prae-Socratica
1094 4224 1329 4323 philosophia
1352 4224 1420 4298 sed

336 4486 361 4552 1)
378 4486 502 4551 Exempli
525 4501 602 4536 causa
626 4486 705 4536 affero
730 4487 777 4536 CL.
803 4487 970 4552 Batauum,
989 4487 1043 4536 Das
1061 4487 1181 4537 Problem
1200 4486 1246 4536 der
1265 4486 1374 4537 Materie
1392 4486 1420 4535 in

289 4574 335 4624 der
345 4573 532 4624 Griechiscben
543 4573 711 4639 Philosophie
720 4587 728 4639 3
738 4573 829 4638 Cous,
838 4573 995 4625 Geschichte
1005 4574 1052 4624 des
1061 4572 1419 4640 Unendlichkeitsproblemq

290 4661 387 4714 Exwm
406 4663 518 4728 Ronua,
535 4661 648 4731 Psyche3
666 4661 741 4712 alios.
