3717 5575
1910 627 2014 698 40

822 806 1060 879 minus
1105 819 1305 879 recte
1351 803 1604 878 laudet
1649 801 1770 877 vel
1819 802 2058 875 minus
2104 826 2285 876 vera
2333 819 2893 894 commemoret,
2946 821 3089 880 aut

825 927 1063 1000 minus
1119 940 1315 999 recte
1370 925 1662 1015 iudicet,
1723 949 1843 996 me
1899 922 1973 996 id
2028 923 2388 996 dicturum
2447 949 2633 999 esse.
2660 920 2713 1022 ¹)

944 1191 1059 1264 15.
1120 1169 1315 1242 Iam
1389 1182 1743 1258 restat,
1820 1182 1921 1241 ut
1993 1168 2107 1240 de
2180 1167 2301 1240 iis
2372 1167 2685 1241 dicam
2761 1169 2921 1267 qui
2978 1170 3095 1243 de

829 1306 1419 1389 argumento
1504 1290 1684 1363 hoc
1764 1304 1997 1363 ante
2080 1315 2218 1362 me
2299 1306 2748 1388 egerunt.
2837 1291 3095 1390 Opera

831 1413 1096 1511 quibus
1151 1414 1223 1485 in
1265 1413 1428 1509 ipsa
1474 1412 1985 1510 disquisitione
2032 1437 2207 1485 usus
2244 1438 2431 1503 sum,
2474 1413 2727 1486 omnia
2754 1414 2870 1487 hic
2901 1414 3097 1487 dein-

830 1560 1007 1632 ceps
1081 1559 1518 1609 enumerare
1594 1559 1897 1608 necesse
1971 1559 2120 1607 non
2195 1534 2485 1627 habeo,
2562 1535 2713 1608 suis
2784 1533 2965 1610 locis
3027 1536 3097 1609 in

831 1656 1154 1731 calcibus
1226 1657 1668 1754 paginarum
1743 1655 2035 1754 singula
2103 1655 2488 1749 indicab03
2562 1657 2739 1730 item
2794 1658 2853 1731 si
2912 1683 3099 1756 quas

833 1778 1078 1853 varias
1136 1779 1512 1851 PLATONIS
1568 1803 1879 1876 operum
1938 1778 2303 1851 editiones
2354 1778 2790 1853 adhibuero,

942 1900 1170 1995 Quod
1217 1901 1316 1973 ad
1363 1899 1993 1998 prae-Socraticos
2035 1897 2524 1998 philosophos
2563 1901 2866 1998 gaudeo
2897 1903 3101 2000 quod

838 2020 1314 2119 D1ELEs1us²)
1373 2047 1632 2096 eorum
1689 2023 2111 2120 fragmenta
2158 2021 2469 2096 collecta
2518 2049 2713 2120 quae
2755 2025 3097 2100 Parmen.

838 2170 1012 2243 pag.
1065 2170 1114 2237 4
1162 2169 1243 2217 se
1286 2143 1652 2218 editurum
1700 2168 1866 2217 esse
1914 2144 2378 2241 promiserat,
2429 2144 2499 2217 in
2547 2143 2787 2219 lucem
2834 2146 3099 2238 emisit,

838 2283 1242 2364 antequam
1300 2293 1490 2364 opus
1546 2292 1795 2339 meum
1838 2265 2098 2364 praelo
2147 2266 2606 2360 mandarem,
2657 2268 2911 2366 itaque
2959 2270 3101 2343 hac

839 2389 1163 2463 editione
1193 2390 1296 2462 uti
1326 2389 1555 2486 potui,
1588 2415 1755 2462 curn
1781 2390 2227 2462 MULLAcHn
2249 2413 2439 2486 opus
2452 2385 2505 2485 ³)
2535 2390 2758 2464 hodie
2780 2392 3099 2465 uoniam

842 2510 1193 2599 sufficiat,
1250 2527 1503 2584 tamen
1551 2511 1695 2584 hoc
1742 2536 2041 2609 quoque
2088 2511 2456 2584 interdum
2503 2510 2808 2588 laudare
2847 2539 3096 2612 cogar.

953 2631 1024 2704 N
1031 2658 1116 2706 ec
1189 2632 1283 2705 de
1358 2633 1442 2705 iis
1513 2632 1714 2705 libris
1785 2632 2154 2730 copiosius
2228 2633 2606 2730 disputare
2679 2661 2871 2733 opus
2935 2663 3102 2712 esse

842 2755 1203 2845 existim0,
1283 2756 1404 2852 qui
1479 2754 1551 2828 id
1618 2771 1874 2854 agant,
1950 2771 2031 2830 ut
2105 2755 2530 2831 Platonicae
2587 2756 3102 2858 philosophiae

844 2879 1207 2977 originem
1279 2894 1683 2976 exponant,
1761 2904 1949 2976 quos
2023 2879 2377 2977 plurimos
2431 2905 2597 2954 esse
2652 2881 2800 2953 iam
2857 2882 3025 2956 dixi.
3049 2881 3103 2980 ⁴)

939 3186 990 3253 ι)
1027 3185 1241 3252 Optime
1289 3185 1643 3251 conferuntur,
1679 3201 1812 3250 quae
1849 3184 1902 3234 in
1942 3200 2101 3250 opere
2139 3200 2262 3235 suo:
2306 3186 2447 3250 „Das
2482 3186 2724 3236 Problem
2758 3186 2851 3236 der
2889 3187 3107 3238 Materie

847 3273 902 3322 in
940 3272 1032 3323 der
1068 3272 1439 3322 Griechischen
1476 3271 1847 3337 Philosophie”
1881 3272 2174 3339 scribendo,
2203 3272 2451 3337 petivisse
2483 3288 2539 3322 se
2570 3272 2697 3322 dicit
2718 3272 2777 3322 C.
2797 3274 3109 3324 BAmmm

979 3395 991 3408 .
1029 3359 1159 3408 VIII
1198 3374 1222 3408 s
1303 3395 1315 3407 .
1345 3372 1358 3407 ε

848 3357 1393 3509 (Ραῗῐηῃεὼώξᾳέεῑ
1441 3460 1499 3494 so
1549 3444 1711 3494 durch
1762 3444 1848 3493 die
1898 3445 2064 3494 Natur
2116 3444 2208 3494 der
2258 3445 2422 3495 Sache
2470 3453 2820 3512 angeratenen
2869 3446 3107 3497 Grenzen

847 3533 984 3582 habe
1020 3531 1106 3581 ich
1147 3531 1234 3580 ein
1271 3530 1574 3580 Vierfaches
1612 3533 1848 3580 erstrebt.

942 3618 1010 3668 1⁰.
1046 3617 1306 3666 Zuniichst
1351 3615 1460 3682 galt
1512 3632 1585 3683 eS,
1635 3617 1737 3665 den
1778 3616 2137 3667 Thatbestand
2174 3617 2247 3667 im
2288 3617 2559 3668 einzelnen
2598 3617 2951 3668 festzustellen
2956 3655 3111 3670 .....

941 3707 1013 3754 2⁰.
1050 3703 1308 3753 Zweitens
1354 3703 1490 3752 habe
1538 3702 1625 3752 ich
1675 3703 1811 3752 mich
1859 3703 2093 3769 bemiiht,
2142 3703 2245 3753 den
2300 3703 2487 3754 innern
2526 3705 2973 3770 Zusammenhang
3007 3705 3116 3755 und

853 3792 938 3841 die
975 3789 1207 3856 logische
1243 3789 1568 3854 Gliederung
1602 3790 1694 3839 der
1731 3789 2003 3839 einzelnen
2034 3790 2295 3840 Theorien
2328 3790 3024 3842 scharfherauszuarbeiten.

942 3877 1013 3941 3⁰.
1053 3875 1252 3942 [Danu]
1304 3884 1495 3926 musste
1546 3876 1632 3925 ich
1682 3892 1748 3925 an
1799 3877 1982 3926 dritter
2033 3877 2191 3928 Stelle
2227 3878 2312 3928 die
2349 3878 2696 3928 historischen
2733 3878 3114 3943 Bedingungen

854 3965 945 4014 der
980 3962 1252 4013 einzelnen
1291 3962 1522 4027 Systeme
1559 3963 1669 4012 und
1707 3963 1791 4012 die
1828 3964 2220 4029 gegenseitigen
2260 3964 2625 4029 Beziehungen
2661 3964 2913 4015 zwischen
2954 3964 3113 4015 ihnen

855 4049 1220 4101 klarzustellen
1261 4049 1511 4099 trachten.

949 4139 1021 4195 [Γ.
1065 4139 1117 4183 1⁹41
1131 4151 1157 4183 ri
1169 4151 1189 4183 ις’
1233 4135 1560 4199 [historische
1598 4135 1731 4198 und)
1769 4137 2032 4187 sachliche
2074 4137 2249 4187 Kritik
2291 4136 2373 4202 [zu
2412 4136 2592 4203 iiben].

953 4239 973 4271 ε
993 4235 1001 4267 ἰ
1065 4223 1157 4268 Im·
1217 4223 1521 4286 Fragmente
1585 4223 1678 4273 der
1728 4223 2146 4289 Vorsokratiker,
2201 4224 2506 4274 Griechisch
2560 4225 2669 4274 und
2723 4224 2955 4274 Deutsch
3013 4241 3115 4274 von

865 4315 1141 4359 Il.!'.l-[?›1i.·÷;?²‡
1189 4311 1367 4358 [Mans.
1405 4310 1598 4359 Berlin.
1639 4310 1954 4360 Weidmann
2000 4323 2150 4374 1903.

953 4407 1005 4459 3
1069 4399 1356 4463 Ell.‘].i.ACH,
1416 4396 1724 4462 Fragmenta
1781 4396 2216 4462 Philosophorum
2271 4398 2600 4448 Graecorum.
2656 4398 2878 4448 Parisiis.
2936 4399 3116 4450 Didot.

869 4487 941 4531 Ml
964 4483 1335 4532 *1¹2‘13!-}-.1UII.

953 4575 1005 4627 4]
1049 4571 1125 4615 Μ’.
1181 4583 1345 4619 rameri
1396 4585 1515 4634 pag.
1561 4584 1596 4631 4
1643 4569 1764 4618 adn.
1814 4581 1862 4633 3.
1915 4570 2088 4620 Facile
2139 4579 2405 4636 praeterea
2457 4571 2797 4637 intellegitur,
2832 4587 2949 4621 cum
2985 4571 3117 4621 duae

869 4655 957 4703 hm:
1017 4655 1341 4719 ¹]llffikfffnllssfles
1388 4663 1497 4711 arte
1543 4656 1852 4711 cohaereant
1900 4658 2106 4729 saepius
2152 4674 2233 4713 me
2274 4658 2416 4715 hisce
2453 4659 2699 4731 operibus
2739 4675 2949 4715 usurum
2987 4674 3115 4715 esse.
