3717 5575
846 666 870 733 9

311 833 318 848 ’
342 838 417 914 Sed
444 839 526 938 quid
553 838 682 914 multa!
713 840 853 915 Vereor
873 865 919 914 ne
941 840 1012 914 iam
1033 840 1208 915 inciderim
1230 843 1264 917 in
1287 842 1425 915 Cicero·

290 963 429 1037 nianum
448 962 530 1036 illud
543 963 683 1055 vitium,
698 963 768 1061 qui,
789 961 1061 1062 ›fflatonem)”,
1075 964 1193 1062 inquit,
1204 961 1229 1062 ¹)
1250 965 1427 1064 »quadam

289 1085 518 1160 admiratione
545 1102 747 1159 commotus
769 1085 910 1182 saepius
933 1085 1081 1160 sortasse
1104 1085 1222 1178 laudo,
1246 1113 1354 1185 quam
1368 1112 1426 1160 ne·

290 1233 391 1283 cesse
413 1207 505 1283 est.”
531 1209 713 1284 Platonem
737 1233 824 1283 vero
846 1207 992 1282 laudare
1005 1225 1043 1282 ut
1056 1209 1173 1299 decet,
1186 1234 1252 1283 nec
1266 1235 1425 1283 mearum

290 1330 410 1404 virium
437 1357 503 1405 nec
528 1332 628 1408 huius
654 1330 721 1406 loci
747 1347 811 1405 est.
842 1330 977 1424 Quare,
1001 1331 1163 1429 quamvis
1185 1357 1329 1429 sperem
1351 1331 1427 1405 sore

291 1469 329 1526 ut
363 1454 457 1528 idem
493 1455 574 1528 mihi
608 1454 864 1552 respondeatur
897 1454 995 1552 quod
1022 1455 1070 1528 ab
1098 1453 1217 1528 Attico
1245 1454 1423 1528 Ciceroni:

297 1574 374 1648 »Tu
401 1601 488 1651 vero
515 1601 597 1651 eum
620 1602 685 1650 nee
708 1576 808 1649 nimis
820 1573 926 1649 valde
940 1601 1109 1673 umquam
1123 1601 1188 1649 nec
1201 1575 1301 1649 nimis
1314 1569 1439 1671 saepe*

290 1697 525 1790 laudaveris”,
549 1699 719 1773 sufficiant
741 1724 787 1772 ea
804 1723 898 1796 quae
920 1698 1000 1788 dixi,
1015 1715 1053 1772 ut
1066 1699 1094 1771 si
1108 1697 1226 1788 ullum,
1241 1696 1425 1771 Platonem

292 1819 437 1921 dignun
463 1846 623 1911 censeas,
651 1821 745 1895 cuius
771 1820 818 1894 de
845 1820 1080 1917 superioribus
1106 1819 1323 1918 philosophis
1344 1819 1425 1892 iudi·

292 1942 382 2016 cium
409 1960 653 2044 cognoscatur.
1318 1965 1322 1970 ’

346 2065 438 2140 Cum
465 2067 567 2166 igitur
590 2066 672 2164 quid
695 2066 741 2139 de
764 2065 960 2162 praeteritis
981 2066 1108 2139 summi
1129 2065 1191 2138 viri
1205 2066 1428 2140 iudicaverint

292 2214 509 2289 cognoscere
543 2214 686 2286 semper
721 2212 855 2285 operae
889 2188 934 2261 sit
966 2187 1127 2285 pretium,
1155 2188 1278 2261 PLnro
1306 2205 1426 2261 autem

291 2310 325 2382 in
358 2336 576 2385 summorum
609 2311 761 2383 virorum
791 2334 939 2383 numero
966 2308 1152 2381 habendus
1178 2310 1232 2397 sit,
1261 2310 1425 2407 sequitur,

290 2449 328 2506 ut
354 2434 427 2506 eius
453 2432 500 2506 de
522 2433 757 2530 superioribus
778 2431 996 2529 philosophis
1018 2431 1126 2504 iudicii
1148 2432 1290 2504 scientia
1309 2431 1426 2531 cogni·

291 2556 410 2654 tioque
446 2556 588 2630 omnino
623 2581 695 2630 non
727 2555 771 2629 sit
797 2554 1067 2629 contemnenda.
1097 2554 1149 2627 At
1175 2580 1235 2627 cur
1260 2554 1427 2651 imprimis

291 2679 472 2753 Prnrorns
499 2679 683 2753 inhaere
705 2677 878 2752 sententia
900 2677 1021 2776 magni
1043 2677 1086 2750 sit
1100 2676 1279 2766 momenti,
1295 2702 1424 2750 causae

292 2802 406 2876 afferri
432 2820 580 2900 possunt
606 2802 713 2877 etiam
735 2799 836 2875 aliae.
861 2800 1005 2897 Nempe
1026 2826 1107 2874 cum
1130 2799 1328 2898 aequalium
1341 2826 1426 2898 quo·

291 2949 361 3021 que
397 2941 434 2999 et
469 2924 566 3026 vulgi
602 2925 782 3022 opiniones
815 2923 1021 3021 saepissime
1048 2923 1175 2997 aflerat
1201 2922 1256 2996 ille
1283 2922 1341 2997 vel
1368 2949 1425 2996 ex·

291 3047 407 3137 cutiat,
436 3047 547 3121 modo
574 3063 696 3122 contra
722 3046 798 3122 illas
823 3047 1009 3136 disserens,
1037 3046 1071 3120 in
1097 3072 1198 3119 usum
1222 3072 1324 3119 suum
1346 3072 1425 3120 con·

289 3185 431 3243 vertens
458 3170 579 3260 modo,
608 3195 653 3244 ex
681 3170 755 3244 eius
781 3170 904 3243 iudicio
932 3169 1203 3243 —dummodo
1224 3194 1311 3241 vera
1331 3195 1425 3242 corn-

290 3309 466 3367 memoret
501 3338 552 3347 -
585 3291 685 3366 simul
719 3290 846 3365 aetatis
880 3306 1138 3390 cognoscuntur
1173 3291 1288 3364 studia
1318 3307 1426 3388 atque

290 3415 494 3489 sententiae.
523 3414 627 3488 Hanc
654 3440 741 3489 vero
768 3430 925 3487 aetatem
952 3413 1197 3513 gravissimam
1225 3438 1317 3501 esse,
1346 3438 1426 3485 cum

291 3538 453 3611 omnibus
488 3553 611 3611 notum
647 3554 712 3627 est,
749 3553 823 3611 tum
861 3562 906 3610 ex
936 3561 981 3609 eo
1008 3551 1170 3633 apparet,
1198 3535 1295 3632 quod
1321 3535 1354 3608 in
1382 3561 1427 3609 ea

290 3686 361 3733 non
382 3658 496 3734 solum
519 3661 567 3734 ad
588 3686 764 3734 summum
787 3660 957 3757 perducta
980 3675 1036 3732 est
1057 3657 1288 3755 philosophia,
1304 3684 1427 3731 verum

292 3783 399 3857 etiam
431 3784 502 3858 iam
534 3799 617 3857 ante
652 3781 746 3856 illam
775 3799 812 3856 et
837 3782 870 3854 in
897 3780 954 3855 illa
981 3780 1038 3855 alii
1064 3780 1137 3854 aliis
1163 3781 1196 3853 in
1222 3780 1365 3871 artibus,
1393 3781 1427 3853 in

291 3903 397 4003 lyn‘ea
409 3906 603 3993 Pmonnus
619 3904 652 3976 in
666 3904 800 4003 tragica
814 3903 915 4001 poesi
928 3903 1142 3977 Aascrnnus
1160 3902 1425 3994 etSornoctus,

291 4027 569 4100 Anrsrorunnss
595 4026 629 4098 in
652 4025 850 4115 comoedia,
873 4025 907 4097 in
930 4023 1107 4122 sculptura
1130 4025 1291 4115 ramus,
1316 4026 1426 4098 Potr-

291 4170 423 4237 cmrus
445 4149 680 4237 merrnuns,
704 4148 738 4220 in
760 4164 836 4221 arte
859 4148 1016 4244 picturae
1030 4147 1281 4235 Potvouorus,
1297 4146 1427 4220 Zeuxis

290 4269 344 4343 alii
383 4269 465 4344 talia
501 4271 758 4367 praestiterunt,
796 4269 922 4366 quibus
958 4269 1093 4342 maiora
1129 4294 1308 4365 nunquam
1344 4269 1428 4343 vidit

293 4390 494 4489 Graeciafl)

339 4624 365 4690 1)
383 4624 415 4674 de
435 4625 516 4689 Legg.
535 4623 586 4687 111,
607 4634 630 4688 1,
651 4635 674 4671 1.

336 4711 364 4779 2)
383 4710 423 4762 Cf.
447 4712 601 4776 Hermu,
620 4709 671 4759 0.l.
691 4724 751 4775 pag.
773 4719 821 4774 133
832 4722 885 4774 sq.:
907 4724 953 4774 „so
971 4707 1064 4774 gehort
1082 4724 1111 4759 er
1128 4706 1227 4774 (Plato)
1246 4707 1314 4757 doch
1331 4707 1422 4757 darum
