3717 5575
644 1604 1140 1702 CONTINENTUR.

757 2000 862 2059 PARS
882 1999 1022 2058 PRIOR.

672 2127 714 2169 nir
732 2126 887 2171 umvmsi
905 2126 1111 2182 emenoni„

653 2257 656 2262 ,
1394 2216 1458 2254 raze·

328 2269 573 2330 Prooemium
576 2314 1375 2332 .................
1440 2292 1453 2330 1

329 2366 404 2443 Cap.
452 2367 476 2426 1.
498 2364 568 2439 Quo
593 2366 632 2425 de
657 2363 782 2426 consilio
808 2376 839 2425 et
863 2367 901 2426 de
927 2365 976 2425 via
1000 2385 1037 2425 ac
1063 2364 1178 2425 ratione
1197 2364 1227 2424 in
1247 2364 1376 2443 disputa·

539 2460 623 2521 tione
641 2461 801 2539 sequendis
819 2460 916 2538 agitur
917 2507 1376 2523 ..........
1420 2483 1453 2522 11

328 2558 401 2634 Cap.
436 2559 476 2619 II.
498 2555 567 2630 Quo
593 2556 730 2634 quidde
756 2567 820 2618 tota
845 2556 1020 2635 quaestione
1045 2558 1108 2635 ipse
1133 2568 1255 2618 censeat
1281 2560 1376 2632 Plato,

539 2651 650 2730 quique
675 2652 845 2730 philosophi
870 2652 1043 2731 singillatim
1069 2653 1218 2714 tractandi
1242 2653 1312 2729 sint,
1333 2653 1376 2713 in-

536 2748 699 2827 vestigatur
720 2794 1374 2813 ..............
1417 2768 1457 2823 44

330 2842 404 2920 Cap.
421 2845 478 2906 111.
500 2845 546 2905 De
566 2845 645 2924 vulgi
664 2844 867 2923 opinionibus.
885 2882 926 2890 —
944 2848 991 2907 De
1009 2845 1144 2906 barbaris
1145 2891 1375 2908 ......
1416 2866 1454 2924 92

737 3034 842 3093 PARS
863 3034 1044 3093 ALTERA.

411 3160 454 3202 nrt
474 3160 615 3205 SINGULIS
634 3161 837 3205 Piruosoeins
854 3162 894 3203 ET
912 3161 1179 3205 PHILOSOPHORUM
1195 3160 1372 3205 nocrmirrS.

331 3302 405 3379 Cap.
428 3304 451 3363 1.
473 3303 520 3362 De
545 3302 668 3379 Orpheo
694 3312 724 3362 et
750 3302 890 3380 Orphicis
915 3303 968 3380 qui
993 3303 1142 3364 dicuntur.
1168 3338 1208 3347 -
1233 3304 1280 3366 De
1299 3313 1391 3386 vete*

510 3396 593 3457 ribus
619 3398 798 3476 generaliter
825 3398 922 3460 dictis,
950 3435 991 3443 —
1020 3401 1067 3459 De
1092 3398 1158 3458 aliis
1183 3398 1207 3458 si
1233 3398 1378 3476 quisunt

512 3492 645 3554 eiusdem
665 3495 782 3572 generis
801 3494 996 3573 philosophis.

551 3590 575 3650 1.
597 3591 645 3650 De
663 3590 786 3666 Orpheo
804 3601 835 3651 et
853 3589 995 3668 Orphicis
1020 3636 1375 3653 ........
1401 3611 1456 3669 129

657 3687 694 3746 A.
716 3687 754 3746 de
774 3686 897 3763 Orpheo
917 3731 1373 3748 ..........
1398 3703 1453 3764 135

328 3780 475 3839 Theses
476 3825 1372 3843 ...................
1397 3801 1454 3859 209
