3717 5575
822 671 887 721 101

291 849 484 921 πολλῶντ
513 837 554 936 ἃς
581 842 617 922 δὲ
644 841 684 924 οδ)
713 843 814 948 λέγεις
841 841 901 937 τὰς
927 845 1053 950 σκέψεις
1079 851 1149 949 περί
1172 877 1205 923 τε
1228 845 1422 942 οἷναλωοεως

289 961 468 1069 χρημάτων
505 970 564 1046 και1
598 967 700 1061 δόξης
735 971 795 1046 κατ’
828 971 954 1046 παίδων
986 983 1114 1072 τροφῆς,
1142 968 1190 1069 μδ
1219 973 1262 1062 ὡς
1290 969 1421 1064 οιληθως

288 1095 401 1178 ταῦτα,
440 1079 464 1164 ὦ
503 1096 637 1193 Κρίτων,
666 1093 844 1193 οκέμμοιτοι
871 1084 892 1195 ᾗ
920 1107 982 1168 τῶν
1009 1094 1133 1196 ῥᾳδίως
1161 1087 1418 1170 ἀποκτιννύντων

288 1211 347 1286 κοιιΙ
371 1209 669 1316 οἷναβιωοκομένων
696 1208 729 1315 γ’
756 1208 810 1303 ἄν,
838 1220 866 1291 εἰ
890 1210 954 1290 οἷοί
976 1209 1004 1290 τ’
1026 1206 1124 1304 ἦσαν,
1148 1210 1256 1291 οὐδενί
1276 1210 1336 1307 ξὺν
1360 1231 1416 1318 νῲ,

287 1324 406 1408 τούτων
442 1348 505 1410 τῶν
540 1342 681 1426 πολλῶν,
719 1334 928 1433 iterumque
965 1338 1015 1429 48
1032 1336 1091 1409 A:
1131 1332 1219 1414 Οὐκ
1256 1331 1359 1441 ἄρα,
1392 1329 1417 1413 ἶ)

290 1454 445 1557 βελτιοτε,
482 1454 593 1536 ποίνν
632 1462 738 1561 ἡμῖν
770 1454 879 1536 οὕτω
906 1459 1213 1565 φροντιστέον,
1241 1465 1283 1536 τί
1307 1461 1417 1563 ἐροῦ·

288 1608 355 1654 σιν
389 1581 429 1654 οἱ
465 1583 626 1657 πολλοιΙ
650 1584 788 1683 ἡμᾶς,
818 1576 894 1658 αλλ’
922 1581 969 1659 ὅτι
996 1589 1015 1657 0‘
1042 1584 1159 1659 ἐπαΐων
1187 1584 1256 1685 περιΙ
1280 1596 1342 1658 των
1370 1585 1417 1660 δι·

288 1705 389 1776 καίων
417 1703 478 1778 κατ’
503 1699 640 1792 οἷδίκων,
668 1709 687 1779 ὁ
713 1698 756 1795 εἷς
783 1705 840 1780 καὶ
869 1699 952 1789 αὑτὴ
976 1709 998 1788 η’
1022 1701 1172 1788 αλνῖθειοι.
1197 1701 1274 1780 ὥστε
1294 1718 1416 1807 πρῶτον

286 1818 346 1922 μὲν
373 1818 478 1928 ταύτῃ
506 1820 584 1901 οὐκ
611 1827 749 1930 δρθως
776 1830 966 1928 εἰσηγεῖ,
995 1821 1320 1929 εἰσηγούμενος
1340 1838 1417 1919 τῆς

289 1957 369 2020 των
405 1952 578 2024 πολλῶν
615 1946 754 2040 δόξης
791 1949 883 2024 δεῖν
920 1952 1038 2051 ἡμᾶς
1070 1953 1321 2053 φροντίζειν
1348 1949 1415 2052 περὶ

285 2080 347 2143 τῶν
383 2069 520 2145 δικαίων
557 2071 613 2146 καὶ
651 2075 764 2146 κοιλων
801 2071 857 2147 καὶ
895 2068 1031 2173 οἷγοιθῶν
1069 2071 1125 2148 καὶ
1161 2084 1227 2149 τῶν
1250 2072 1414 2163 ἐναντίων,

285 2186 446 2284 denique
475 2213 526 2282 44
543 2189 596 2264 C:
626 2185 727 2268 Ἀλλδι
748 2197 780 2269 τί
798 2196 890 2294 ἡμῖν,
914 2181 939 2267 <Ti
953 2188 1098 2294 μοικοίριε
1114 2197 1248 2296 Κρίτων,
1263 2188 1345 2269 οὕτω
1358 2206 1416 2285 τῆς

283 2325 345 2386 των
367 2318 496 2389 πολλων
516 2313 618 2406 δόξης
631 2315 747 2416 μέλει,
763 2338 876 2387 causa
889 2329 1016 2387 autem
1032 2314 1139 2387 huius
1153 2313 1417 2411 despicientiae

285 2432 397 2531 paulo
425 2451 512 2532 post
540 2435 608 2532 (D)
636 2435 804 2509 additur:
833 2440 862 2514 οἱ
889 2443 1006 2514 πολλοί
1026 2433 1257 2533 philosophis
1281 2460 1417 2509 nocere

284 2578 358 2629 non
382 2573 549 2654 possunt,
575 2556 662 2631 nihil
686 2558 839 2631 omnino
862 2574 1032 2655 possunt,
1048 2557 1196 2632 fortuna
1210 2560 1413 2632 ducuntur:

286 2681 327 2755 Εἰ
351 2673 417 2781 γὰρ
443 2676 575 2783 ὄφελον,
604 2671 629 2755 ἶ)
653 2686 789 2783 Κρίτων,
814 2674 923 2757 οἷοίτ’
945 2679 1025 2757 εἶναι
1050 2683 1079 2757 οἱ
1092 2682 1205 2758 πολλοὶ
1221 2674 1262 2756 τδι
1276 2682 1416 2783 μέγιστα

178 2864 181 2871 .
285 2796 375 2880 κοικδι
403 2800 603 2905 ἐργάζεσθαι,
632 2812 687 2880 ι’νοι
713 2799 777 2880 οἷοί
803 2798 832 2878 τ’
858 2795 944 2887 ἦσαν
973 2805 1030 2881 καὶ
1057 2798 1098 2880 toi
1124 2804 1263 2906 μέγιστοι
1290 2799 1414 2905 οἷγοιθοί,

285 2926 340 3001 καὶ
378 2930 490 3015 καλῶς
525 2922 566 3002 ἂν
602 2922 706 3029 εἶχεν·
744 2932 800 3002 νῦν
837 2923 873 3002 δὲ
909 2920 1061 3028 οὐδέτεροι
1087 2921 1223 3002 οἷοίτε·
1253 2918 1323 3001 οὔτε
1348 2917 1414 3028 γδιρ

281 3047 433 3152 ρρδνιμον
461 3042 531 3124 οὔτε
559 3043 684 3152 ἄφρονα
712 3049 844 3126 δννοιτοὶ
872 3060 1015 3136 ποιῆσαι,
1044 3055 1164 3124 ποιοῦσι
1193 3044 1229 3122 δὲ
1251 3054 1342 3122 τοῦτο
1366 3045 1412 3123 ὅτι

282 3165 322 3245 ἂν
349 3164 485 3274 τύχωσι.
511 3169 642 3266 Itaque
666 3193 734 3242 nec
758 3168 859 3267 digni
884 3184 970 3242 sunt
994 3168 1056 3265 qui
1080 3167 1276 3241 veritatem
1301 3191 1413 3240 nove·

281 3289 369 3364 rint:
408 3291 485 3365 iure
523 3291 620 3364 hanc
655 3305 804 3363 veteres
835 3315 902 3387 per
929 3289 1060 3387 poesin
1088 3287 1170 3362 illos
1199 3286 1415 3363 celaverunt

281 3412 456 3507 (Theaet.
498 3411 627 3486 180C
664 3437 760 3509 sqq..
800 3412 844 3485 cf.
883 3436 1007 3509 supra,
1045 3435 1134 3509 pag.
1177 3413 1224 3484 28
1259 3409 1345 3484 adn.
1377 3435 1412 3506 3,

280 3560 368 3633 pag.
383 3538 447 3633 85)
459 3573 468 3628 3
484 3561 620 3633 nempe
634 3535 772 3608 veritas
786 3551 844 3608 est
858 3533 1183 3632 philosophorum:
1199 3532 1413 3632 philosophi

280 3674 407 3731 autem
436 3682 510 3731 non
534 3673 619 3732 sunt
642 3662 671 3735 οἱ
694 3662 818 3748 πολλοί,
843 3681 966 3755 neque
989 3660 1020 3734 οἱ
1041 3662 1158 3735 πολλοί
1179 3655 1412 3754 philosophi:

282 3796 464 3877 perpetua
490 3780 585 3853 inter
613 3779 683 3852 hos
710 3794 768 3853 est
791 3805 941 3878 pugna:
967 3805 1036 3853 nec
1059 3803 1150 3852 vero
1174 3779 1286 3852 —id
1310 3778 1412 3876 quod

281 3927 393 3999 supra
415 3903 489 3976 iam
513 3902 586 3975 dixi
609 3946 661 3956 —
684 3926 836 3999 pugnae
859 3917 1017 3976 eventus
1040 3917 1097 3975 est
1119 3901 1298 3975 incertus:
1324 3925 1411 3974 nam

279 4022 364 4099 licet
400 4025 605 4099 interficere
641 4025 784 4122 possint
822 4029 852 4103 οἱ
879 4031 995 4103 πολλοί
1019 4022 1265 4122 philosophos
1274 4019 1314 4120 ¹),
1343 4048 1413 4097 nec

277 4148 394 4222 vitam
419 4148 516 4223 hanc
539 4173 724 4222 summum
748 4147 889 4221 bonum
914 4163 1049 4245 putant
1068 4147 1104 4219 hi
1115 4142 1153 4243 ⁹),
1170 4172 1238 4220 nec
1254 4162 1413 4220 mortem

327 4454 354 4522 1)
373 4454 473 4505 Criton.
492 4451 527 4516 48
538 4455 562 4502 Α
581 4467 655 4518 sqq.:
674 4447 745 4499 ἀλλὰ
765 4448 811 4510 μλν
828 4446 867 4506 δή,
883 4448 946 4511 φαίη
963 4449 992 4511 γ’
1009 4446 1039 4497 in
1056 4464 1104 4506 τις,
1121 4443 1171 4497 οἷοί
1184 4446 1215 4496 τέ
1232 4446 1295 4497 εἰσιν
1312 4445 1379 4509 iim
1397 4447 1424 4496 o!

280 4537 372 4587 πολλοὶ
388 4536 570 4587 hominium.

299 4662 302 4669 .
328 4622 357 4689 2)
376 4622 508 4673 Phaedon.
527 4622 632 4688 passim.
653 4621 693 4672 ef.
713 4629 847 4686 praeterea
866 4620 967 4672 Criton.
986 4620 1066 4683 4813:
1085 4616 1124 4669 δτι
1140 4615 1167 4669 οὔ
1182 4618 1213 4667 τὸ
1228 4616 1275 4685 ζῆν
1288 4615 1424 4679 mim!-

283 4723 347 4759 οτον
363 4704 488 4767 ποιητέον,
503 4705 574 4759 hm
590 4706 621 4757 τὸ
639 4700 666 4754 ιδ
684 4704 740 4772 ζῆν.
1387 4702 1390 4707 ’
