3717 5575
797 681 863 731 121

265 853 476 953 cidem,¹)
500 852 792 954 Sibyllam,¹)
819 855 1210 955 Amphilytum,²)
1235 859 1393 962 quiypq·

264 981 391 1080 ομῳδοί
414 977 663 1052 nominantur.
674 976 701 1075 ⁴)

318 1098 393 1172 Sed
431 1101 525 1173 haec
556 1100 746 1174 hactenus.
778 1100 1031 1175 Consideratis
1058 1101 1100 1174 iis
1127 1126 1225 1199 quae
1253 1100 1358 1176 attuli
1369 1099 1395 1199 5)

311 1344 338 1411 1)
356 1344 396 1394 Cf.
422 1346 454 1395 de
478 1345 528 1395 hoe
553 1345 660 1395 Scitum
685 1345 755 1410 apud
781 1346 910 1395 Roscnaa
934 1346 952 1395 i.
964 1363 997 1411 v.,
1021 1353 1048 1396 et
1072 1346 1199 1411 imprimis
1223 1347 1305 1395 Kaart
1324 1347 1394 1410 apud

263 1432 515 1498 eamr-wissowa3
537 1448 633 1482 nomen
655 1432 834 1482 videturesse
856 1433 1053 1499 appellativum,
1074 1433 1146 1498 quod
1164 1433 1210 1498 qui
1225 1433 1395 1482 derivandum

263 1519 307 1585 ait,
324 1520 451 1569 incertum
470 1526 518 1569 est.

308 1606 337 1673 2)
356 1607 396 1656 Cf.
424 1608 517 1657 PAULY
540 1602 557 1658 i.
566 1623 591 1656 v.
621 1608 675 1657 Iam
698 1614 759 1656 ante
783 1608 936 1657 Parmam
954 1607 1081 1671 Sibyllam
1099 1614 1282 1657 commemorat
1300 1607 1396 1657 Hana-

261 1704 355 1743 cattus
373 1694 443 1759 apud
462 1695 619 1746 Ρωτλλειῐ.
639 1693 671 1744 de
691 1694 766 1759 Pyth.
784 1710 821 1743 or.
841 1694 857 1743 6
876 1710 903 1759 p.
923 1693 1133 1760 397A(D1a1.s,
1152 1695 1253 1759 Fragm.
1268 1694 1315 1744 der
1331 1695 1395 1743 Vor-

260 1780 357 1830 solraa
374 1797 434 1846 pag.
452 1793 495 1847 79,
509 1782 539 1832 fr.
556 1781 616 1847 92):
632 1780 746 1839 Σίβυλλα
763 1776 789 1827 dl
804 1776 950 1839 μαινομένοιι
965 1780 1078 1839 στόματι
1093 1777 1147 1827 καθ’
1161 1777 1322 1840 Ἡράκλειτον
1336 1776 1398 1840 ayt-

260 1874 348 1913 λαστα
372 1865 413 1913 καὶ
434 1864 621 1915 ἀκαλλώπιστα
638 1865 681 1914 καὶ
698 1864 826 1926 ἀμύριστα
842 1863 1000 1928 φθογγομίνν
1018 1865 1109 1927 χιλίων
1126 1861 1188 1915 iada
1206 1863 1338 1930 ὖξικνοῖοαι
1355 1867 1396 1921 τῆν

260 1949 337 2010 φονῆι
355 1945 395 1996 δια
413 1950 457 1997 τον
475 1947 533 1998 aaa
553 1950 658 2017 [Duras
677 1950 844 2000 Herakleitos
861 1966 914 2000 von
933 1950 1062 2016 Ephesos,
1081 1967 1140 2016 pag.
1157 1964 1190 2000 22
1207 1951 1327 2000 adnotat:
1340 1949 1396 2014 ,sis

260 2036 343 2102 hylle,
368 2038 496 2088 nattirlich
517 2054 569 2088 von
588 2037 747 2104 Erythrai.’']
768 2038 808 2087 Ct'.
827 2038 947 2103 Genera,
967 2038 1043 2088 Culte
1062 2038 1116 2088 und
1135 2037 1253 2103 Mythen.
1273 2037 1394 2102 Anhang.

261 2123 329 2191 548.
354 2125 406 2174 Die
429 2124 628 2191 sibyllinischen
654 2126 871 2190 Weissagungen,
888 2141 949 2191 pag.
969 2125 1029 2187 676.
1050 2126 1171 2175 Ceterum
1190 2140 1249 2174 curn
1267 2140 1334 2189 quae
1352 2124 1395 2174 hic

261 2211 295 2261 de
319 2210 449 2260 vaticiniis
473 2210 596 2260 dicuntur
614 2210 763 2275 Sibyllinis,
781 2219 836 2260 tum
854 2226 892 2276 ea,
911 2227 979 2276 quae
996 2212 1185 2261 recentioribus
1203 2211 1313 2261 maxime
1332 2220 1394 2261 tem·

261 2297 370 2364 poribus
395 2297 428 2347 de
452 2297 485 2347 iis
509 2304 570 2347 sunt
594 2297 701 2363 scripta,
725 2298 832 2346 omnino
856 2298 907 2347 huc
931 2314 986 2347 non
1012 2298 1158 2364 pertinent3
1183 2314 1261 2364 quam
1285 2299 1318 2348 ob
1340 2313 1393 2347 rem

261 2385 340 2434 missa
359 2400 390 2433 ea
407 2383 450 2433 hic
468 2383 545 2433 facio.

309 2470 338 2537 3)
355 2471 396 2520 De
422 2470 576 2535 Amphilyto
600 2471 634 2521 ci.
659 2471 897 2520 Pauor-wtssowa
921 2472 949 2520 in
974 2486 1052 2536 voce,
1077 2472 1188 2538 Rottna,
1206 2471 1315 2536 Psyche,
1334 2486 1394 2536 pag.

261 2567 313 2622 353
332 2557 392 2607 adn.
414 2569 436 2606 1.

308 2645 337 2711 4)
354 2645 453 2710 Theag.
480 2645 580 2706 124D:
606 2648 658 2692 ao.
682 2639 767 2700 ΕἸποις
789 2640 819 2691 ἂν
841 2638 882 2691 οὖν
906 2660 948 2704 μοι
972 2643 1029 2692 τίνα
1046 2639 1186 2704 ὶπιονομίαν
1202 2641 1260 2706 ’ὄχοι
1277 2641 1349 2699 Βάκις
1366 2658 1395 2690 rr

260 2728 304 2778 καὶ
320 2731 434 2792 Σίβυλλα
450 2728 493 2778 καὶ
509 2731 521 2777 δ
539 2726 666 2790 ἡμεδαπὸς
684 2729 856 2792 ’Apelauron

304 2819 353 2861 ee.
370 2814 433 2861 Τίνα
448 2814 498 2875 γὰρ
516 2810 604 2869 ἄλλην,
621 2808 639 2860 ὦ
656 2810 791 2872 Σύκρατος,
807 2811 872 2869 πλήν
888 2830 920 2875 γι
937 2810 1095 2875 mercado&

303 2901 355 2945 ΣΩ.
373 2894 462 2957 Ὀρθῶς
479 2893 570 2957 λέγοις.

278 2996 282 3001 ’
308 2981 387 3043 Quod
410 2981 443 3031 ad
467 2981 616 3031 universnm
640 2980 726 3031 locum
744 2981 777 3031 ci.
797 2983 907 3046 Rottoa,
926 2981 1034 3047 Psyche,
1055 2982 1100 3047 qui
1119 2997 1196 3047 pagg.
1217 2992 1277 3043 349.
1297 2995 1314 3042 4
1332 2994 1392 3044 sqq.

262 3069 345 3118 fusius
363 3067 395 3117 de
415 3076 470 3117 toto
488 3069 538 3118 hoc
557 3068 721 3118 fatidicorum
739 3084 834 3134 genere
854 3069 916 3133 egit.

307 3155 428 3205 Ceterum
446 3156 566 3221 plerique
585 3156 634 3205 viri
652 3156 723 3205 docti
738 3155 871 3220 Theagem
887 3155 1019 3221 dialogum
1034 3155 1201 3205 subditicium
1210 3169 1266 3204 esse
1276 3159 1392 3203 censent:

258 3259 302 3292 me
318 3258 388 3307 vero,
402 3258 461 3292 cum
477 3243 544 3292 nihil
559 3250 645 3293 extare
661 3243 787 3307 videatur,
803 3243 875 3308 quod
890 3250 919 3292 ut
931 3259 990 3292 eum
1003 3243 1137 3293 reiciamus
1147 3241 1252 3291 suadeat
1261 3238 1306 3306 (cf.
1318 3239 1393 3288 Hutt·

260 3329 313 3380 o.l.
330 3330 356 3378 ΙΙ
375 3344 435 3395 pag.
455 3343 520 3391 242:
542 3330 606 3394 ,En
624 3346 760 3394 somme,
778 3330 794 3379 l
812 3345 941 3395 propos
958 3329 998 3380 de
1016 3345 1051 3379 ce
1067 3329 1228 3394 dialogue
1242 3341 1342 3378 comme
1358 3325 1391 3375 de

260 3417 287 3465 la
312 3415 417 3482 plupart
442 3416 474 3466 de
496 3433 561 3466 ceux
580 3418 625 3482 qui
645 3416 795 3483 precedent,
813 3416 896 3467 l'une
916 3425 948 3466 et
965 3417 1076 3467 l'autre
1095 3416 1300 3467 conclusion
1320 3427 1394 3478 peu·

260 3511 342 3552 vent
367 3519 400 3553 se
425 3503 606 3569 defendre,
629 3504 690 3554 bien
716 3520 767 3570 que
793 3504 819 3553 la
836 3505 934 3569 grande
952 3504 1068 3568 majorite
1087 3504 1133 3553 des
1151 3503 1276 3568 critiques
1293 3499 1391 3550 incline

260 3590 276 3637 a
295 3589 320 3638 le
339 3590 454 3640 declarer
472 3591 660 3657 apocryphe”),
679 3607 738 3640 curn
757 3592 789 3640 iis
808 3591 892 3641 iacere
911 3607 964 3642 non
984 3607 1071 3658 posse,
1088 3590 1258 3641 consideratis
1277 3602 1344 3653 quae
1364 3586 1391 3635 in

260 3677 395 3741 prooemio
412 3676 445 3726 de
463 3677 511 3727 hac
530 3693 557 3726 re
575 3678 640 3742 dixi,
659 3678 721 3728 satis
740 3678 791 3727 iarn
810 3677 859 3728 erit
878 3678 1052 3743 perspicuum.

309 3762 336 3828 5)
355 3763 442 3813 Facile
460 3780 492 3814 ex
510 3763 633 3814 omnibus
651 3764 692 3813 his
711 3765 875 3830 perspicitur,
893 3765 1002 3815 multum
1021 3767 1155 3816 Puerortts
1173 3764 1319 3827 discrepare
1335 3777 1393 3811 sen·

262 3850 371 3899 tentiam
394 3866 409 3899 a
429 3850 529 3915 vulgari
545 3851 701 3901 Graecorum
722 3851 754 3901 de
773 3852 888 3901 barbaris
906 3851 1043 3917 opinione,
1061 3867 1139 3916 quarn
1157 3852 1272 3901 referunt
1290 3850 1393 3899 Paulu-

262 3937 397 3986 Wtssowa
415 3946 440 3987 et
459 3937 586 4001 imprimis
603 3939 778 3987 Donatistae
794 3946 820 3986 et
836 3938 938 3988 Saotto
953 3954 1003 3988 ο.ο.
1018 3939 1055 3987 l.l.
1072 3939 1115 3988 ἰ.ν.
1125 3938 1246 3989 barbaroi
1256 3936 1393 4003 (barbari).

264 4023 301 4072 Hi
320 4038 391 4089 vero,
409 4039 572 4073 communem
589 4025 656 4074 hanc
674 4024 815 4075 referentes
829 4026 990 4091 opinionem,
1004 4041 1063 4075 curn
1078 4042 1131 4075 non
1147 4026 1244 4075 addant
1259 4026 1395 4075 Ptaaortts

261 4111 410 4174 oppositam
426 4111 582 4160 sententiam
599 4137 635 4149 -
653 4111 718 4161 alter
732 4112 840 4161 omnino
854 4128 908 4161 non
918 4121 1100 4162 commemorat
1111 4112 1253 4177 Platonem,
1262 4111 1328 4161 duos
1338 4118 1393 4160 tan·

262 4207 316 4248 tum
332 4198 404 4263 parvi
419 4198 544 4247 momenti
559 4198 632 4248 affert
647 4198 719 4248 locos
734 4198 799 4248 alter
810 4226 855 4263 -,
864 4199 943 4263 paulo
953 4199 1096 4263 iniquiores
1109 4215 1136 4248 se
1147 4200 1272 4264 praebent
1282 4196 1392 4247 Platoni.

262 4286 363 4336 Saeuo
381 4301 452 4351 sane,
469 4285 570 4351 vulgari
588 4287 708 4351 exposita
726 4286 853 4351 opinione
872 4285 959 4336 addit:
980 4286 1058 4351 ,c’est
1077 4286 1232 4351 l’acception
1249 4285 1295 4351 qui
1311 4283 1392 4349 apre-

262 4372 331 4436 aalu,
348 4371 413 4420 mais
431 4371 481 4421 elle
500 4371 607 4422 souleva
622 4372 661 4422 les
677 4372 862 4437 protestations
877 4373 910 4423 de
926 4373 1055 4439 quelques
1071 4373 1151 4423 Grecs
1161 4373 1206 4423 d'es
1216 4368 1392 4437 l’antiquite;”

263 4468 289 4509 at
312 4475 364 4507 non
388 4459 473 4508 solum
497 4458 566 4508 inter
588 4459 637 4508 hos
659 4460 772 4509 Graecos
797 4475 850 4509 non
875 4467 1008 4510 enumerat
1032 4460 1166 4509 Platonem
1190 4458 1283 4526 (unum
1303 4458 1393 4507 Erato·

261 4546 378 4595 sthenem
396 4554 587 4611 commemorat,
605 4547 679 4596 cuius
697 4547 767 4612 apud
784 4546 952 4596 Sraaaortaat
967 4547 1071 4596 effatum
1081 4563 1159 4612 supra
1168 4543 1293 4614 laudavi),
1303 4560 1392 4595 verum

262 4631 339 4680 etiarn
363 4632 443 4696 partis
462 4632 568 4682 huiusce
587 4633 659 4697 vulgi
678 4633 813 4698 opinionis
832 4633 1009 4682 testimonium
1022 4634 1095 4683 affert
1111 4649 1143 4683 ex
1160 4634 1295 4683 Platonis
1305 4635 1393 4699 Repu·

263 4717 331 4769 blica
354 4718 449 4785 locum,
473 4721 519 4785 qui
543 4720 626 4787 locus,
650 4720 699 4770 etsi
723 4721 899 4770 demonstrare
923 4736 977 4770 non
996 4720 1108 4784 videtur,
1126 4721 1197 4786 quod
1215 4730 1269 4772 erat
1287 4722 1393 4773 demon-
