3717 5575
482 841 654 915 Ceterum
676 843 774 917 dolet
794 869 851 916 me
863 842 965 939 quod
972 841 1182 915 absolutum
1197 848 1233 912 et
1238 836 1452 936 perfectum
1467 845 1559 932 opus

425 963 642 1061 hocceforas
653 966 747 1039 dare
760 991 833 1039 uon
839 977 994 1062 possum
1003 995 1016 1037 .·
1028 962 1297 1060 disputationis
1311 957 1559 1059 inauguralis

415 1095 570 1181 partem
598 1089 713 1177 edere,
741 1114 831 1162 suas
857 1087 966 1162 habet
989 1086 1238 1187 difficultates.
1269 1083 1343 1157 Sed
1369 1108 1451 1156 cum
1481 1080 1558 1154 cam

425 1208 536 1282 initio
564 1212 682 1285 latius
695 1219 832 1307 patere
858 1211 1052 1284 uideretur
1078 1208 1255 1306 quaestio,
1282 1231 1396 1304 quam
1420 1210 1464 1277 ut
1485 1226 1560 1275 uno

423 1331 610 1406 uolumine
636 1359 709 1407 nou
733 1334 850 1407 nimis
871 1358 1007 1432 magno
1021 1329 1321 1430 prcthgruretur,
1344 1323 1561 1401 accuratius

424 1452 640 1551 inquirenti
678 1457 733 1529 ita
777 1456 877 1530 mihi
914 1455 1028 1553 quasi
1063 1455 1103 1528 in
1144 1454 1316 1527 manibus
1352 1449 1470 1524 creuit
1500 1445 1563 1519 rei

423 1578 597 1669 materia,
634 1586 672 1652 et
704 1587 781 1651 tam
818 1579 960 1652 multae
995 1578 1226 1652 exstiterunt
1250 1573 1488 1673 quaestiones,
1517 1568 1561 1642 de

421 1699 556 1794 quibus
590 1701 782 1775 dicendum
819 1702 1024 1792 uideretur,
1063 1709 1109 1774 ut
1143 1727 1188 1774 ue
1223 1726 1264 1773 ea
1291 1698 1437 1796 quidem
1465 1719 1559 1793 quae

423 1821 525 1895 mihi
535 1833 824 1920 proposueram,
850 1832 1017 1897 tractare
1031 1835 1189 1920 possem,
1210 1823 1289 1895 nisi
1299 1822 1354 1895 od
1363 1819 1558 1893 Kalendas

427 1943 602 2036 Graecas,
631 1954 676 2020 ut
695 1948 819 2037 aiunt,
842 1945 1005 2045 differre
1027 1948 1155 2020 velhm
1170 1945 1456 2043 promotionem.
1485 1942 1557 2015 Or·

417 2066 559 2162 phicos,
583 2070 627 2143 de
647 2070 781 2166 quihus
791 2080 915 2166 pauca
933 2078 1080 2143 tantum
1094 2095 1206 2166 euque
1219 2093 1291 2142 uon
1306 2067 1387 2141 nisi
1397 2067 1557 2170 παρέργου

424 2190 497 2264 loco
532 2192 652 2266 dicere
679 2193 720 2266 iu
747 2194 874 2266 animo
902 2201 998 2283 erat,
1029 2193 1131 2266 tanti
1156 2191 1335 2266 momenti
1358 2214 1432 2263 esse
1458 2197 1557 2283 repe-

423 2315 565 2388 riebam
603 2315 644 2387 in
677 2315 866 2388 Pmoms
886 2314 1142 2412 philosophia,
1172 2321 1354 2411 utquam
1381 2311 1558 2409 quaestio

423 2462 505 2510 nem
541 2438 584 2510 de
620 2437 670 2510 iis
705 2437 839 2511 habere
874 2463 1008 2512 necesse
1043 2445 1139 2526 erat,
1168 2437 1264 2510 hauc
1284 2436 1558 2535 gravissimam

421 2583 464 2631 ac
486 2558 772 2632 subtilissimam
794 2560 908 2633 totius
928 2560 1053 2656 operis
1059 2567 1212 2655 portem
1220 2556 1324 2656 fore,
1339 2558 1433 2631 satis
1445 2568 1558 2653 oppa·

422 2689 536 2754 reret.
561 2682 694 2779 Itaque
716 2682 778 2756 his
801 2683 944 2756 librum
966 2682 1062 2756 haue
1077 2683 1284 2756 terminare
1303 2682 1557 2756 institueram.

426 2804 538 2895 Quod
571 2813 693 2878 tameu
730 2806 914 2901 inceptum
943 2832 1057 2903 neque
1083 2806 1207 2902 ipsum
1226 2803 1412 2903 perficere
1434 2805 1557 2901 potui.

421 2927 567 3023 Nempe
593 2953 674 3000 cum
708 2927 902 3024 Orpheum
930 2936 967 3001 et
993 2928 1178 3024 Orphitos
1199 2937 1460 3023 saepenumero
1482 2953 1559 3001 eon·

415 3049 543 3146 fundi
566 3059 782 3146 appareret,
802 3050 924 3147 prius
953 3050 994 3123 in
1023 3051 1136 3124 illum
1164 3059 1251 3125 erat
1271 3051 1561 3147 inquirendum,-

422 3196 493 3268 quo
507 3170 659 3269 factum
683 3180 747 3260 est,
772 3180 818 3245 ut
838 3199 900 3246 uec
928 3173 1110 3268 Orphicis
1131 3174 1207 3246 rite
1231 3173 1439 3247 tractandis
1463 3174 1561 3246 locus

424 3293 500 3365 iam
528 3301 627 3383 esset,
657 3301 694 3366 et
718 3295 834 3367 solam
862 3295 906 3369 de
933 3295 1083 3391 Orpheo
1105 3296 1352 3391 quaestionem
1375 3292 1559 3392 adfinem

414 3414 622 3510 perducere
646 3426 812 3511 possem‚·
845 3417 946 3512 quod
973 3443 1012 3491 eo
1040 3417 1167 3491 minus
1193 3418 1294 3490 mihi
1312 3418 1447 3512 pheeet,
1476 3442 1558 3489 cum

424 3537 501 3609 eam
539 3537 580 3609 in
614 3538 740 3610 omnia
770 3535 872 3635 fere,
901 3565 994 3636 quae
1019 3540 1074 3613 od
1100 3539 1285 3636 Orphicos
1304 3540 1554 3635 pertinerent,

424 3658 717 3754 inquisivissem:
740 3662 877 3756 paucis
914 3670 1036 3735 tamen
1064 3662 1289 3758 persolvere,
1318 3687 1411 3758 quac
1435 3662 1480 3736 de
1508 3662 1558 3736 iis

422 3789 536 3853 eraut
573 3782 737 3872 dicenda,
774 3809 792 3856 e
832 3809 876 3856 re
909 3784 1011 3858 mihi
1044 3810 1116 3858 non
1158 3785 1280 3859 visum
1320 3792 1383 3858 cst.
1426 3785 1559 3881 Itaque

423 3928 516 3999 quae
539 3913 695 3995 restant,
721 3904 762 3977 iu
783 3905 950 3979 alterum
966 3906 1198 4005 fasciculum
1221 3907 1431 3981 reservavi:
1450 3932 1557 4003 quem

417 4022 511 4122 fore
544 4035 686 4100 utnon
713 4028 830 4101 nimis
858 4029 966 4128 longo
994 4031 1172 4127 temporis
1197 4031 1318 4126 spute'o
1345 4029 1559 4104 intermisso

423 4148 527 4221 edere
555 4148 674 4242 liceat,
702 4174 749 4222 ex
775 4150 902 4223 animi
925 4154 1106 4226 sententia
1134 4163 1250 4248 spero.
