3717 5575
688 906 723 971 τὸ
751 912 806 972 τοῦ
829 907 968 974 Ἠσιόδου
988 915 1092 981 καλῶς
1110 935 1163 987 μοι
1180 912 1330 991 Φαίνεται
1350 911 1447 994 ἔχειν,

732 1013 768 1077 τὸ
793 1013 818 1078 εἷ
838 1013 893 1077 καί
912 1037 961 1085 τις
985 1016 1111 1094 σμικρὸν
1133 1016 1182 1081 ἐπὶ
1208 1019 1325 1098 σμικρῷ
1345 1042 1445 1082 κατα-

735 1116 809 1196 θείη,
835 1119 986 1199 προῦργου
1008 1116 1086 1185 εἶναι
1111 1123 1250 1206 (Cratyl.
1273 1127 1338 1203 428
1352 1125 1408 1207 A).

635 1751 1117 1849 PROOEMIUM.

362 2161 611 2235 Amstoautus
637 2178 827 2261 postquam
850 2164 1001 2262 quinque
1024 2162 1348 2260 Metaphysicorum
1370 2158 1445 2233 libri

308 2284 412 2381 primi
448 2285 619 2382 prioribus
655 2286 826 2382 capitibus
859 2286 1219 2384 prae-Socraticorum
1250 2284 1298 2357 de
1327 2308 1443 2356 rerum

307 2408 477 2504 principiis
526 2407 701 2482 doctrinas
748 2409 919 2505 exposuit,
966 2404 1048 2512 μετὰ
1092 2407 1128 2485 δὲ
1169 2404 1229 2498 τὰς
1274 2406 1443 2509 εἰρημένας

307 2537 509 2633 φιλοσοφίας,
541 2531 659 2628 inquit,
693 2536 715 2616 η’
744 2530 920 2623 Πλοίτωυος
957 2533 1114 2634 ἐπεγένετο
1149 2535 1371 2635 πραγματεία,
1399 2522 1441 2603 τοὶ

309 2650 369 2756 μὲν
395 2647 503 2732 πολλὰ
532 2649 654 2745 τούτοις
682 2652 921 2757 οἷκολουθοῦσα,
948 2649 990 2731 τθι
1018 2652 1053 2731 δὲ
1082 2660 1139 2731 καὶ
1168 2655 1238 2730 ίθια
1264 2645 1352 2751 παρὰ
1381 2649 1440 2735 τὴν

306 2791 370 2854 τῶν
400 2771 567 2854 Ἰταλικῶν
592 2771 715 2881 ἔχουσα
739 2772 975 2881 φιλοσοφίαν.1)
998 2774 1105 2849 Simili
1127 2774 1238 2848 modo
1260 2773 1442 2846 Litorius

308 2899 511 2988 D10osmts,
548 2897 596 2971 de
628 2896 774 2972 Platone
801 2899 973 2973 scribens:
1002 2906 1091 3003 μίξιν
1120 2931 1152 2975 τε
1179 2900 1350 2983 ἐποιήσατο
1377 2911 1440 2973 τῶν

306 3055 338 3100 τε
364 3020 602 3127 Ἡρακλειτείων
638 3020 743 3124 λέγων
772 3028 828 3099 καὶ
857 3028 1093 3126 Πυθαγορικῶν
1122 3027 1180 3098 καὶ
1208 3033 1439 3125 Σωκρατικῶν·

307 3141 347 3223 rol
383 3143 442 3248 μὲν
478 3139 542 3247 γὰρ
572 3138 709 3233 αἰσθητοὶ
739 3139 813 3221 καθ’
840 3141 1060 3250 Ἠροίκλειτον,
1087 3138 1128 3221 rol
1157 3142 1192 3220 δὲ
1219 3137 1319 3231 νοητὰ
1350 3136 1438 3219 κατθι

309 3266 519 3371 Πυθαγόραν,
546 3260 587 3342 roi
615 3264 651 3342 ul
678 3262 827 3344 tolomei
851 3263 938 3344 κατθι
961 3263 1134 3371 Σωκράτην
1158 3261 1380 3368 ἐφιλοσόφειῇ)
1403 3278 1441 3335 et

309 3390 421 3489 magis
435 3387 633 3488 generatim
647 3387 743 3485 apud
756 3388 941 3462 Eosuumru
954 3389 1113 3462 romeus
1126 3386 1183 3460 ille
1191 3386 1388 3460 Platonicus
1397 3382 1439 3481 εί)

307 3511 444 3590 Πλοίτων
467 3528 590 3614 πρῶτος
614 3518 670 3588 καὶ
693 3512 839 3613 μάλιστα
861 3518 1053 3617 συναγείρας
1077 3517 1119 3602 εἰς
1143 3511 1175 3587 ἓν
1199 3507 1307 3588 τοίντα
1325 3504 1365 3586 τὰ
1381 3521 1437 3599 τῆς

304 3640 491 3738 φιλοσοφίας
524 3635 622 3739 με’ρη,
655 3633 731 3726 τέως
759 3634 984 3737 ἐσκεδασμένα
1012 3641 1068 3711 καὶ
1099 3631 1309 3737 διερριμμένα
1337 3630 1439 3734 ὥσπερ

303 3754 344 3834 τὰ
371 3766 428 3833 τοῦ
455 3758 599 3848 Πενθέως
624 3760 726 3859 μελη,
753 3754 897 3861 καθοίπερ
923 3756 992 3835 εἰπέ
1015 3788 1075 3857 τις,
1099 3753 1198 3858 σῶμοί
1218 3787 1247 3831 τι
1271 3755 1327 3830 καὶ
1353 3765 1435 3860 ζῷον

302 3878 481 3981 ολθκληρον
509 3877 647 3981 οἷπίφηνε
669 3877 728 3963 τὴν
752 3876 991 3981 φιλοσοφιάν.*)
1014 3877 1117 3951 Plura
1140 3877 1267 3951 afferre
1289 3901 1436 3972 possum

303 4017 464 4074 veterum
502 4000 711 4089 testimonia,
747 4025 851 4097 quae,
886 4001 1026 4074 diversa
1058 3997 1269 4098 insmgulis,
1297 3998 1437 4071 dehac

303 4150 344 4197 re
367 4123 584 4197 consentiunt
603 4123 733 4213 omnia,
757 4123 927 4197 artissime
949 4123 1142 4197 cohaerere
1163 4123 1344 4195 Pmroms
1365 4120 1437 4217 phi-

350 4398 377 4465 1)
395 4399 589 4448 Autstomzs.
609 4396 790 4462 Metaphysica
808 4399 831 4463 1,
849 4397 875 4465 6,
895 4396 946 4462 987
954 4415 980 4464 ο,
999 4411 1033 4462 29
1043 4413 1103 4463 sqq.

347 4485 376 4553 2)
394 4486 533 4535 Lamms
551 4485 701 4534 Dionnum.
717 4484 794 4534 Vitae
810 4492 836 4535 et
852 4484 951 4535 Placita
967 4484 1102 4535 Clarorum
1116 4483 1334 4549 Philosophorum
1347 4482 1437 4534 decem

313 4572 386 4623 libris
405 4572 593 4639 comprehensa
610 4573 659 4639 ΠΙ,
677 4570 703 4622 8.

348 4659 376 4727 3)
396 4661 437 4710 De
457 4675 510 4725 quo
528 4659 588 4709 ride
607 4659 846 4709 PruLu-Wtssowr
862 4660 897 4725 Π,
916 4660 967 4710 col.
983 4672 1061 4722 224¹·

347 4747 377 4814 4)
388 4747 529 4797 Eusrmus
540 4747 754 4812 Praeparationes
764 4745 937 4810 Evangelicae
945 4747 993 4811 XI,
1001 4760 1016 4796 2
1023 4746 1076 4814 (ed.
1084 4747 1223 4812 Dmoonr,
1230 4745 1283 4796 vol.
1290 4745 1327 4809 11,
1334 4761 1393 4810 pag.
1401 4744 1438 4811 3).

1305 4860 1316 4896 1
