3717 5575
816 699 884 749 201

283 876 491 974 quaestioni
514 876 664 950 abunde
685 876 774 949 satis
796 875 935 949 factum
957 900 1040 948 esse
1054 889 1158 971 puto.
1175 873 1290 948 Cuius
1305 899 1418 971 quae·

281 999 410 1072 stionis
432 998 555 1095 capita
580 998 610 1072 si
632 998 845 1072 summatim
866 1014 1037 1095 repetere
1058 996 1154 1089 licet,
1174 997 1417 1072 consideratis

281 1145 379 1218 quae
411 1120 512 1195 hisce
551 1121 697 1219 paginis
734 1119 839 1195 attuli
875 1120 970 1194 haec
999 1119 1086 1193 mihi
1114 1119 1288 1194 videntur
1315 1119 1417 1217 quod

281 1243 329 1317 ad
357 1243 552 1339 Orpheum
580 1243 629 1317 de
658 1243 847 1316 Puerorus
874 1242 1059 1316 sententia
1086 1242 1286 1317 statuenda
1310 1266 1413 1315 esse:

334 1366 542 1440 Pnnrouau
574 1366 619 1438 in
647 1367 854 1464 scriptis
882 1366 981 1439 suis
1008 1366 1312 1463 coniungere
1341 1363 1418 1437 Or·

282 1489 452 1586 pheum
489 1514 590 1562 cum
633 1487 890 1586 OrphiciS,
930 1513 1021 1561 non
1059 1505 1134 1561 est
1170 1513 1252 1561 cur
1288 1501 1419 1585 pute·

281 1636 400 1685 mus:
440 1611 547 1710 ipse
586 1610 782 1708 quidem
816 1611 944 1684 Panto
971 1610 1030 1684 ad
1059 1610 1207 1685 talem
1236 1609 1418 1707 opinio·

283 1758 386 1807 nem
422 1733 501 1806 vix
538 1757 684 1807 ansas
720 1733 825 1827 dat3
867 1733 988 1807 licet
1024 1759 1109 1806 nec
1151 1732 1419 1831 oppositae

284 1881 448 1930 eorum
476 1856 764 1930 sententiae
792 1855 933 1930 locus
960 1856 1044 1946 sit,
1070 1855 1151 1952 qui
1179 1855 1418 1929 scientem

286 1978 495 2052 Puerounu
519 1976 719 2052 fabulae
743 1977 879 2052 illum
903 1977 1153 2075 Orpheum
1176 1977 1231 2051 ab
1256 1976 1424 2075 Orphi·'

283 2101 352 2174 cis
378 2126 644 2198 eorumque
672 2101 921 2176 doctrinis
950 2125 1208 2198 separasse
1236 2115 1419 2198 putent3

283 2223 340 2297 de
368 2220 570 2296 fabulae
598 2223 799 2321 Orpheo
823 2248 980 2322 agens
1003 2224 1060 2297 de
1083 2223 1318 2320 Orphicis
1340 2222 1420 2295 vix

284 2346 514 2445 cogitare
540 2346 761 2420 videtur:
792 2372 885 2443 quo
914 2346 973 2419 fit
1001 2362 1050 2420 ut
1078 2346 1325 2444 Orphicos
1347 2344 1420 2417 im·

287 2468 559 2566 primisque
610 2469 937 2567 Orphicorum
987 2469 1246 2543 doctrinas
1286 2465 1421 2542 colat

287 2591 531 2665 eximie—
552 2592 598 2665 id
627 2593 755 2690 quod
784 2592 1008 2689 proxima
1036 2591 1240 2666 huiusce
1267 2590 1421 2688 operis

287 2729 428 2812 parte
457 2714 741 2790 accuratius
768 2713 1319 2807 demonstrabitur-,de
1348 2712 1421 2786 Or·

287 2838 413 2934 pheo
448 2854 611 2913 autem
649 2863 741 2912 non
774 2837 873 2911 alia
900 2837 1097 2911 ratione
1125 2836 1260 2911 dicat
1287 2861 1340 2910 ac
1363 2837 1421 2910 de

333 3084 435 3148 Quodsi
458 3085 594 3134 Punuonls
617 3081 746 3131 tantulum
767 3078 845 3129 modo
865 3078 1035 3144 interfuisset,
1057 3079 1102 3144 qui
1117 3078 1181 3128 haec
1196 3078 1319 3142 mysteria
1332 3078 1422 3128 condi·

285 3171 375 3236 disset,
404 3179 448 3221 aut
477 3171 499 3221 si
530 3171 564 3220 ab
595 3169 703 3234 Orpheo
733 3166 840 3217 condita
864 3181 930 3232 esse,
956 3180 988 3215 ex
1013 3166 1101 3214 animo
1126 3171 1243 3231 putasset
1267 3173 1293 3214 et
1318 3164 1422 3215 fabulae

285 3257 421 3324 Orpheum
439 3273 498 3308 cum
517 3255 640 3322 Orphicis
658 3269 800 3319 eorumque
815 3252 942 3302 doctrinis
951 3252 1182 3316 coniunxisset,-
1192 3252 1214 3300 si
1224 3267 1343 3316 usquam
1352 3260 1421 3301 certe

286 3345 336 3395 hoc
361 3345 431 3409 loco,
455 3360 508 3409 quo
532 3343 565 3392 de
588 3342 653 3409 ipsis
675 3340 854 3407 mysteriorum
872 3337 1053 3388 conditoribus
1068 3338 1131 3402 agit,
1146 3337 1247 3403 Orphei
1262 3337 1422 3387 mentionem

286 3431 370 3482 facere
389 3446 443 3481 non
463 3431 547 3480 solum
565 3436 686 3495 potuerat
705 3428 752 3478 sed
770 3427 894 3476 debuerat
914 3425 1007 3492 etiam,
1024 3425 1076 3491 hic,
1094 3425 1116 3474 si
1131 3440 1251 3490 usquam,
1265 3424 1299 3474 ad
1314 3439 1422 3489 eaquae

285 3518 317 3567 de
337 3517 445 3584 Orpheo
464 3526 538 3567 erant
557 3516 659 3581 tradita,
678 3529 799 3565 revocare
818 3519 948 3578 potuerat.

329 3604 382 3655 Sed
405 3605 498 3654 horum
522 3604 639 3653 omnium
663 3601 730 3652 nibil
755 3600 826 3651 facit.
851 3600 911 3649 Non
939 3598 1038 3663 scribit,
1060 3613 1092 3648 ex
1110 3598 1143 3648 iis
1162 3614 1229 3664 quae
1247 3598 1342 3647 tradita
1360 3597 1423 3664 sint,

285 3706 421 3757 apparere,
440 3690 575 3756 Orpheum
594 3688 722 3755 optimum
741 3687 822 3738 fuisse
841 3686 934 3751 uirum,
953 3693 979 3735 et
997 3684 1142 3735 confirmari
1162 3685 1189 3734 id
1208 3685 1263 3734 eius
1282 3684 1422 3735 doctrinis:

287 3778 367 3828 immo
393 3794 427 3828 ne
454 3777 571 3827 nominat
597 3776 703 3841 quidem
729 3775 878 3841 Orpheum:
904 3773 1034 3839 plurative
1059 3772 1136 3821 dicit:
1162 3770 1188 3820 ef
1200 3767 1425 3828 καταστήσαντιςς

289 3864 368 3929 paulo
387 3871 447 3929 post
464 3865 543 3913 etiam
559 3864 641 3928 magis
658 3862 828 3927 generaliter:
839 3858 865 3908 oi
876 3857 933 3918 mi
947 3858 996 3915 rire
1010 3855 1126 3914 τελετάς.
1143 3860 1200 3908 Hos
1215 3867 1301 3909 autem
1320 3854 1348 3906 oi
1362 3855 1425 3920 oab·

288 3958 347 4006 nove
369 3947 440 4005 riske
460 3950 549 4015 fuisse,
568 3949 601 3999 id
620 3965 678 4015 per
697 3949 931 3999 coniecturam
951 3946 1070 3996 efficit
1088 3962 1126 3996 ex
1145 3946 1319 3998 doctrinis
1338 3963 1423 4011 quae

287 4039 332 4087 iis
356 4037 661 4088 adscribebantur:
680 4036 777 4085 bonam
794 4034 940 4085 doctrinam
955 4050 971 4083 a
985 4033 1063 4084 bonis
1079 4034 1140 4083 viris
1150 4034 1286 4084 oriundam
1296 4050 1353 4085 esse
1362 4050 1423 4085 con·

285 4132 437 4175 sentaneum
456 4124 480 4173 ei
499 4123 609 4173 videtur.
630 4121 708 4184 Quod
727 4120 826 4171 faciens
844 4121 893 4170 hoc
912 4119 977 4169 mihi
992 4119 1093 4169 videtur
1109 4120 1254 4184 significare
1265 4122 1366 4187 Pmro,
1376 4121 1424 4170 Or·

286 4212 424 4277 phicorum
443 4210 549 4275 quidem
565 4209 697 4259 doctrinas
712 4207 818 4273 plurimi
833 4206 961 4258 sefacere
977 4214 1004 4256 et
1019 4207 1168 4257 veterrimas
1184 4223 1240 4258 esse
1252 4208 1335 4273 probe
1344 4208 1424 4274 scire,

284 4299 330 4363 qui
349 4306 435 4347 autem
453 4312 497 4347 eas
515 4296 669 4361 excogitant
688 4295 730 4344 vel
750 4294 848 4360 primus
866 4293 998 4359 professus
1014 4293 1058 4358 sit,
1073 4309 1101 4343 se
1116 4309 1164 4343 uec
1180 4294 1245 4344 scire
1263 4309 1311 4344 nec
1326 4310 1423 4344 curare.

330 4386 423 4450 Itaque
441 4384 520 4434 etiam
538 4383 581 4433 hic
601 4381 748 4433 Phaedonis
767 4381 841 4431 locus
859 4396 948 4430 eorum
964 4380 1095 4446 redarguit
1111 4381 1273 4447 opinionem,
1290 4381 1336 4447 qui
1352 4381 1425 4431 nulla

287 4472 376 4522 critica
386 4479 440 4521 arte
450 4470 569 4520 adhibita
578 4469 700 4520 omuibus
709 4484 776 4534 quae
786 4468 819 4517 de
830 4467 938 4532 Orpheo
949 4467 1111 4517 traderentur
1117 4475 1212 4518 temere
1219 4468 1296 4519 fidem
1303 4469 1424 4519 babuisse

288 4559 441 4608 Primum
459 4565 568 4622 putent3
587 4572 636 4606 nec
654 4556 811 4606 sententiam
829 4562 944 4605 nostram
960 4570 1013 4604 non
1029 4554 1172 4621 confirmat,
1188 4571 1242 4605 uon
1258 4556 1425 4605 coniunxisse

289 4646 441 4695 Prummu
460 4643 595 4708 Orpheum
614 4651 640 4692 et
661 4642 800 4709 Orphicos,
819 4641 978 4691 uerborum
997 4640 1129 4691 doctrinas
1147 4643 1180 4692 ab
1199 4642 1246 4691 illo
1265 4640 1404 4692 derivasse.

337 4731 459 4782 Ceterum
478 4737 569 4796 postea
587 4730 692 4780 uberius
712 4737 820 4779 tractare
838 4728 933 4794 locum,
951 4735 1081 4793 praestare
1099 4728 1164 4779 mihi
1183 4728 1292 4779 videtur.
