3717 5575
1007 664 1051 733 18

462 857 687 953 sequitur
710 871 759 929 ut
782 856 896 952 quid
921 857 978 930 de
1002 858 1252 954 prioribus
1273 857 1590 956 philosophis

462 977 783 1068 iudicaverit,
826 1004 882 1052 ex
922 980 1172 1054 universis
1212 981 1317 1054 eius
1352 982 1590 1078 operibus

462 1099 527 1172 sit
567 1100 974 1197 conquirendum,
1016 1102 1062 1175 id
1100 1105 1228 1200 quod
1264 1102 1480 1178 difficile
1516 1120 1590 1178 est

461 1223 639 1318 partim
677 1224 805 1319 quod
842 1224 899 1297 ad
937 1225 1159 1318 Pastorum,
1196 1225 1376 1322 partim
1414 1227 1472 1300 ad
1507 1252 1590 1300 eos

462 1345 541 1442 qui
569 1371 672 1419 eum
700 1346 1005 1421 antecedunt
1032 1346 1384 1445 philosophos,
1409 1349 1589 1445 partim

461 1468 520 1540 ad
546 1468 829 1542 universam
856 1469 1218 1566 quaestionem.

513 1724 549 1792 4.
567 1698 617 1771 A.
635 1698 776 1792 Quod
795 1700 853 1772 ad
874 1695 1143 1773 Platonem.
1160 1698 1477 1796 Quandoquidem
1493 1725 1591 1796 quae

460 1821 506 1893 sit
533 1821 575 1893 in
601 1820 773 1916 operibus
796 1819 961 1894 Platonis
984 1821 1033 1894 de
1056 1820 1238 1916 prioribus
1258 1822 1454 1913 sententia,
1470 1822 1591 1919 dispu-

460 1941 614 2015 tandum
640 1957 708 2032 est,
733 1942 889 2040 primo
912 1943 1188 2040 quaeritur,
1216 1969 1340 2040 quae
1363 1945 1461 2018 sint
1484 1946 1589 2018 eius

460 2089 622 2161 opera.
663 2063 716 2138 Ut
753 2090 844 2138 vero
881 2063 1021 2138 nullum
1059 2063 1224 2139 Platonis
1260 2091 1355 2163 opus
1387 2066 1589 2164 deperiisse

459 2187 617 2278 videtur,
629 2183 654 2284 1)
692 2188 743 2262 ita
780 2188 873 2261 inter
907 2213 965 2278 ea,
996 2211 1093 2284 quae
1122 2189 1191 2263 sub
1218 2187 1312 2261 illius
1340 2190 1490 2263 nomine
1517 2204 1588 2262 tra·

459 2308 536 2383 dita
574 2325 671 2400 sunt,
708 2310 860 2383 inveniri
897 2334 996 2407 quae
1030 2307 1124 2382 lalso
1155 2309 1190 2384 ei
1219 2310 1484 2402 adscribantur,
1514 2336 1588 2384 non

460 2432 580 2505 minus
608 2433 702 2506 inter
729 2458 860 2506 omnes
886 2433 987 2506 viros
1015 2433 1147 2506 doctos
1174 2448 1332 2523 constat,
1357 2458 1426 2507 nec
1448 2459 1523 2506 non
1539 2433 1587 2506 ab

460 2554 547 2650 ipsis
575 2553 736 2651 antiquis
763 2555 912 2652 saepius
940 2569 997 2627 est
1025 2554 1266 2651 disputatum.
1299 2553 1399 2628 Nam
1427 2581 1512 2629 curn
1539 2555 1588 2628 de

460 2676 637 2750 industria
669 2675 897 2750 illustrissimi
934 2676 1001 2749 viri
1038 2675 1189 2749 nomine
1225 2677 1382 2750 abusum
1415 2702 1498 2751 esse
1526 2675 1587 2750 sal·

460 2801 595 2873 sarium
626 2798 800 2897 aliquem,
836 2799 981 2873 alienae
1009 2798 1151 2897 gloriae
1178 2797 1239 2873 vel
1267 2799 1379 2873 etiam
1408 2800 1589 2897 pecuniae

460 2922 645 3019 cupidum,
684 2947 758 2996 non
792 2922 899 2995 nimis
936 2922 1013 2996 veri
1041 2922 1088 2995 sit
1115 2920 1339 3020 dissimileff)
1367 2937 1446 2997 tum
1474 2924 1586 2997 etiam

459 3182 511 3232 and
530 3183 623 3232 almost
640 3180 671 3231 oi
686 3180 729 3230 the
748 3179 933 3246 impossibility
953 3180 983 3230 os
998 3180 1122 3246 studyiug
1140 3180 1210 3231 them
1231 3181 1259 3230 in
1277 3196 1327 3245 any
1343 3180 1417 3230 other
1431 3196 1487 3244 way
1502 3195 1588 3230 comes

460 3285 531 3319 more
549 3268 684 3333 distinctly
706 3269 763 3318 into
781 3268 980 3318 consciousness
995 3268 1023 3317 iu
1040 3267 1092 3318 this
1107 3284 1215 3333 passage
1232 3268 1294 3318 than
1310 3283 1376 3318 even
1392 3268 1420 3316 in
1436 3266 1588 3317 Aristode''.

504 3355 607 3407 Deinde
626 3372 687 3406 vero
703 3356 762 3421 ipsa
784 3370 852 3420 quae
869 3354 913 3405 hic
931 3355 960 3404 iu
978 3354 1102 3419 sophista
1119 3355 1250 3421 dicuutur,
1267 3356 1300 3405 ab
1316 3355 1348 3404 iis
1364 3355 1474 3421 quaein
1490 3355 1589 3405 Theae-

460 3450 513 3493 teto
531 3451 592 3494 sunt
610 3443 755 3508 discrepare
774 3442 847 3492 addit
865 3442 954 3491 Ηυιτε
975 3441 1131 3506 „D'ailleurs
1150 3458 1182 3491 au
1201 3442 1253 3492 lieu
1271 3442 1304 3492 de
1318 3442 1381 3492 faire
1397 3441 1474 3508 suite,
1488 3457 1588 3492 comme

459 3546 494 3580 on
525 3530 563 3595 s’y
593 3529 741 3595 attendrait,
771 3545 821 3578 aux
849 3527 1068 3579 demonstrations
1092 3527 1127 3578 du
1153 3525 1279 3594 The‘c‘tite,
1304 3528 1367 3579 elles
1388 3543 1421 3578 en
1447 3528 1588 3578 offriraient
1624 3525 1626 3527 ’

460 3617 546 3682 plutdt
563 3616 589 3667 la
607 3614 817 3682 contre-partie.”

503 3704 626 3768 Denique
645 3704 729 3767 Huru,
747 3703 776 3752 id
793 3701 865 3769 quod
882 3702 957 3751 lectis
975 3701 1017 3767 iis,
1036 3716 1103 3767 quae
1120 3700 1234 3767 laudavi,
1253 3702 1304 3751 iam
1320 3718 1373 3751 uon
1387 3702 1479 3751 mirum
1488 3702 1588 3752 videbi·

460 3798 509 3857 tur,
527 3789 676 3856 sophistam
695 3789 827 3839 abiudicat
845 3788 985 3838 Patron:
1006 3804 1066 3853 pag.
1085 3800 1150 3851 291:
1167 3787 1344 3851 ,Conclusion
1360 3789 1513 3855 necessaire,
1528 3789 1543 3837 d
1558 3803 1588 3837 ce

459 3877 524 3944 qu’il
542 3877 654 3928 semble:
674 3877 783 3941 „Platon
801 3873 870 3925 n’est
888 3891 936 3941 pas
955 3874 1064 3923 l'auteur
1082 3874 1117 3924 du
1136 3873 1285 3939 Sophiste.’'
1301 3874 1381 3937 Quod
1396 3875 1496 3925 etiamsi
1511 3889 1589 3940 nege·

459 3971 509 4031 tur,
532 3980 580 4014 nec
604 3962 768 4028 concedatur,
791 3961 859 4011 hanc
883 3960 1022 4026 sophistae
1048 3967 1147 4025 partem
1168 3976 1184 4009 a
1202 3960 1317 4010 Platonis
1335 3961 1524 4011 consuetudine
1542 3961 1588 4011 ali·

459 4058 585 4117 quantum
608 4048 750 4114 discedere,
773 4076 809 4085 -
826 4063 881 4097 nou
899 4062 930 4096 ea
948 4054 1034 4097 tamen
1053 4046 1153 4096 ratione
1171 4046 1215 4097 hic
1231 4048 1346 4112 priorum
1361 4046 1588 4113 philosophemata

458 4143 608 4202 tractantur,
626 4135 658 4186 de
677 4151 728 4201 qua
746 4149 825 4200 supra
841 4134 870 4183 in
890 4140 971 4200 textu,
989 4134 1035 4199 qui
1054 4133 1156 4199 dicitur,
1174 4148 1258 4183 sermo
1275 4140 1323 4184 est.

506 4220 591 4290 1)Ct'.
610 4239 671 4289 pag.
692 4235 723 4285 14
741 4221 802 4272 adu.
822 4234 844 4270 1.

503 4310 532 4378 2)
546 4311 617 4360 Nota
630 4317 691 4360 suut
701 4322 768 4374 quae
776 4307 810 4357 de
819 4308 867 4357 hac
877 4322 904 4357 re
914 4307 988 4358 affert
998 4307 1128 4357 Gauianus
1137 4306 1171 4357 ad
1180 4306 1309 4373 Hippocr.
1319 4307 1352 4358 de
1361 4316 1415 4360 nat.
1425 4308 1495 4359 hom.
1506 4309 1527 4375 1,
1536 4320 1571 4371 42
1581 4322 1587 4357 :

457 4393 511 4456 πρὶν
533 4395 583 4457 γὰρ
603 4394 663 4452 τοὺς
685 4391 710 4442 ia
727 4388 902 4458 ’inempta
926 4408 957 4441 τε
973 4390 1016 4440 καὶ
1033 4389 1158 4454 Περγάμῳ
1175 4390 1291 4453 γενέσθαι
1309 4394 1425 4454 βασιλεῖς
1441 4392 1483 4442 ixi
1501 4391 1589 4449 ντῆσιι

456 4478 560 4540 βιβλίων
580 4472 798 4540 ornatissime.
821 4470 916 4523 otim
942 4470 1038 4533 ψινδῦς
1061 4469 1240 4535 iaeryiypmo
1262 4471 1433 4537 σύγγραμμα·
1452 4473 1590 4536 λαμβάνων

457 4557 480 4607 δ’
496 4556 636 4626 ἀρξαμένων
658 4556 744 4620 μισθὸν
766 4561 815 4605 τῆν
837 4554 991 4621 κομιζόντων
1008 4554 1095 4613 αὐτοῖς
1111 4553 1271 4618 σύγγραμμα
1288 4560 1398 4607 παλαιοῦ
1415 4573 1480 4615 acuat
1497 4554 1591 4618 ἄνδράς,

457 4644 535 4702 elisue
556 4643 601 4703 tlt»,
622 4645 708 4694 ronti
729 4639 826 4703 davide
849 4637 1029 4705 ἓτιγριίφιντις
1051 4638 1176 4707 ἐνόμιζον.
1201 4640 1290 4691 Minus
1314 4650 1383 4692 recte
1407 4642 1441 4692 de
1460 4641 1588 4693 hocloco

458 4731 543 4781 dicere
557 4730 660 4781 videtur
668 4730 732 4780 mihi
741 4730 898 4781 umanum
907 4755 942 4765 -
951 4728 1025 4778 cuius
1034 4727 1128 4778 clarata
1138 4734 1164 4777 et
1173 4741 1290 4792 sagacem
1300 4728 1451 4795 disputandi
1461 4729 1588 4780 rationem
