3717 5575
1958 714 2103 784 150

519 915 542 951 ⁸
886 917 1160 964 vocare
1232 917 1402 965 eam
1473 890 1642 966 licet
1715 936 1817 946 —
1889 892 2266 964 Fun-oms
2338 891 2431 964 sit
2486 892 2808 989 propria,
2870 890 3153 966 locutio

887 1014 983 1087 de
1040 1040 1190 1111 qua
1245 1015 1360 1087 hic
1415 1014 1681 1112 agitur,
1740 1015 1798 1087 si
1856 1039 2036 1088 vera
2092 1028 2264 1086 sunt
2319 1038 2411 1086 ea
2471 1038 2670 1111 quae
2723 1040 2949 1111 supra
3010 1015 3150 1088 dis-

886 1137 1100 1226 serui,
1160 1136 1531 1233 proverbii
1590 1136 1868 1210 habeat
1922 1136 2094 1208 vim.
2170 1135 2568 1209 Praeterea
2626 1137 2907 1233 optime
2963 1137 3152 1208 haec

888 1257 1218 1331 definitio
1294 1259 1698 1355 quadraret
1766 1259 1865 1331 ad
1939 1281 2053 1346 ea,
2131 1282 2326 1353 quae
2400 1257 2495 1329 de
2570 1257 2853 1354 Orphei
2931 1274 3151 1330 cantu

888 1382 1299 1454 traduntur.
1349 1380 1502 1454 Sed
1549 1381 1777 1454 etiam
1810 1378 2012 1453 aliud
2041 1380 2219 1476 quid
2247 1395 2362 1453 est
2390 1380 2843 1453 tenendum:
2878 1405 3152 1477 nempe

888 1519 971 1576 ut
1043 1518 1366 1601 angusta
1435 1504 1623 1576 haec
1675 1504 1811 1592 vis,
1872 1527 2100 1599 quam
2159 1502 2387 1575 habet
2441 1528 2592 1575 vox
2647 1498 2849 1603 ὕμνος
2907 1503 3147 1601 Legg.

896 1646 1046 1719 700
1076 1625 1161 1716 B,
1220 1626 1362 1698 hoc
1416 1623 1582 1698 loco
1639 1650 1941 1723 quoque
1997 1624 2064 1699 ei
2112 1624 2204 1697 sit
2251 1624 2607 1716 subiecta,
2660 1623 2815 1698 fieri
2849 1626 3152 1722 quidem

890 1760 1163 1843 potest,
1238 1790 1340 1800 —
1399 1772 1643 1844 neque
1702 1747 1776 1819 id
1832 1743 2301 1842 explicationi
2360 1771 2575 1820 meae
2634 1746 2990 1839 obstaret,
3050 1792 3153 1801 —

891 1869 1194 1941 omnino
1268 1884 1521 1941 tamen
1599 1893 1746 1941 non
1822 1883 1937 1941 est
2010 1892 2351 1941 necesse:
2426 1863 2628 1971 ὕμνος
2703 1893 2851 1941 non
2911 1866 3154 1941 solum

890 1989 1271 2088 hymnum,
1305 1990 1600 2087 proprie
1629 1989 1930 2079 dictum,
1963 1989 2097 2062 sed
2126 1989 2352 2062 etiam
2383 1987 2583 2062 aliud
2611 2015 2912 2063 carmen
2934 1990 3155 2087 signi·

891 2110 1114 2186 ficare
1167 2113 1483 2186 videtur.

997 2235 1463 2309 Testimonio
1511 2252 1626 2310 est
1660 2236 1849 2332 Rep.
1886 2235 1961 2309 X
1996 2241 2083 2308 61
2106 2256 2144 2329 7
2179 2235 2238 2307 B
2269 2262 2462 2333 sqq„
2496 2261 2647 2333 quo
2676 2233 2844 2308 loco
2877 2236 3156 2309 Parcae

890 2360 1378 2456 sphaerarum
1437 2359 1870 2432 harmoniae
1927 2357 2030 2431 ita
2088 2357 2425 2431 dicuntur
2471 2358 2830 2449 accinere‚
2880 2374 2962 2430 ut
3009 2383 3158 2431 una

893 2481 1340 2577 praesentia,
1419 2480 1818 2577 praeterita
1895 2477 2154 2569 altera,
2234 2480 2479 2553 futura
2542 2496 2885 2577 tempora
2942 2480 3157 2554 tertia

892 2618 1154 2677 canat:
1215 2599 1432 2695 ἄλλας
1488 2602 1559 2680 δὲ
1620 2603 2001 2706 καθημένας
2055 2597 2230 2706 πέριξ
2290 2597 2376 2679 δι’
2425 2611 2559 2680 ἴσου
2606 2612 2791 2707 τρεῖς,
2843 2605 2906 2680 ἐν
2954 2603 3153 2706 θρόνῳ

894 2722 1198 2817 ἑκάστην,
1266 2724 1626 2829 θυγατέρας
1678 2737 1793 2818 τῆς
1843 2719 2192 2828 Ἀνάγκης,
2253 2731 2523 2828 Μοίρας,
2583 2721 3150 2829 λενχειμονοῦσας,

896 2848 1241 2948 πέμματα
1297 2848 1393 2924 ἐπεὶ
1449 2880 1569 2924 των
1633 2852 1926 2948 neptem-J
1974 2843 2281 2951 ἐχούσας,
2330 2844 2631 2951 Λάχεσίν
2675 2880 2739 2925 τε
2769 2856 2881 2925 καὶ
2915 2846 3156 2925 Κλωθὼ

896 2972 1009 3048 καὶ
1073 2964 1409 3074 '‘A-:punam
1489 2972 1797 3072 ὑμνεῖν
1877 2969 2026 3072 πρὸς
2077 2969 2196 3055 τὴν
2254 2985 2383 3047 τῶν
2434 2970 2746 3073 Σειρήνων
2808 2973 3152 3075 ἁρμονίαν,

896 3092 1189 3196 Λέχξσεν
1245 3092 1361 3196 μὲν
1419 3088 1501 3168 r&
1557 3092 1893 3192 γεγῡνὲτα,
1959 3088 2199 3167 Κλωθὼ
2257 3090 2328 3168 δὲ
2382 3086 2465 3168 τὰ
2508 3090 2690 3182 ὅντα,
2726 3088 3037 3195 Ἀτροπον
3086 3092 3159 3170 δὲ

892 3212 974 3292 τὰ
1004 3212 1333 3316 &Mamm
1361 3224 1593 3292 νεα-,λη
1625 3216 1845 3316 ὑμνεῖν
1877 3214 1991 3285 hic
2020 3214 2443 3310 emphatice
2474 3240 2610 3310 pro
2640 3212 2945 3311 simplici
2979 3210 3157 3318 ᾅδειν

896 3336 1169 3408 dictum
1229 3360 1417 3424 ease,
1477 3336 1653 3408 Satis
1713 3336 2001 3408 videtur
2058 3335 2548 3431 perspicuum.
2620 3334 2852 3409 Simul
2909 3353 3159 3411 autem

896 3484 988 3528 ex
1061 3456 1202 3528 hos:
1257 3456 1425 3528 loct]
1481 3472 1821 3552 apparet*
1881 3473 2343 3554 quantopere
2401 3482 2629 3553 quam
2687 3459 2758 3530 in
2816 3459 3164 3556 interpre-

896 3580 1129 3652 tando
1173 3580 1461 3676 Legum
1497 3579 1657 3652 loct]
1689 3596 1987 3652 Secutus
2015 3594 2130 3651 est
2159 3578 2526 3651 rationem
2560 3578 2872 3670 WEBER,
2904 3606 2949 3653 a
2981 3605 3162 3654 vero

896 3700 1333 3772 abhorreat:
1409 3724 1581 3772 nam
1654 3700 1857 3796 quud
1925 3701 2038 3773 hic
2099 3700 2379 3773 Parcae
2435 3701 2745 3804 ὑμνεῖν
2805 3702 3166 3793 dicuntur,

900 3824 1061 3920 quis
1097 3824 1489 3896 Parcamm
1521 3824 1569 3892 h
1589 3848 1633 3916 y
1653 3848 1721 3892 m
1741 3848 1781 3896 n
1805 3848 1845 3892 t]
1865 3848 1901 3892 5
1930 3847 2150 3895 nosse
2183 3822 2599 3895 PLATONEM
2630 3849 2722 3896 ex
2750 3849 2843 3897 eo
2875 3823 3167 3897 efficiet?

1004 3944 1157 4016 Sed
1217 3944 1401 4016 haec:
1461 3944 1857 4016 hactenus:
1920 3945 1979 4017 si
2038 3960 2153 4017 est
2209 3942 2633 4041 simpliciter
2688 3946 3163 4043 breviterque

900 4068 1317 4156 dice‘ndurm
1381 4068 1557 4164 quid
1617 4068 1709 4140 de
1765 4064 1935 4140 luco
1993 4066 2337 4156 sentiam,
2398 4067 2584 4140 haec
2642 4067 2817 4140 mihi
2871 4068 3167 4141 videtur

896 4217 1065 4265 ease
1105 4192 1261 4265 eius
1293 4192 1477 4261 ratis]
1509 4221 1521 4261 z
1553 4188 1922 4285 significat
1952 4189 2208 4262 PLATO
2243 4189 2505 4263 diebus
2534 4189 2759 4279 festis,
2784 4190 2879 4262 de
2901 4180 3168 4287 quibus

900 4313 1078 4409 agit,
1165 4313 1489 4385 carmina
1569 4309 1925 4385 nonnulla
1982 4310 2145 4383 cani
2203 4310 2415 4383 nefas
2470 4336 2658 4400 esse,
2720 4312 2888 4384 licet
2936 4337 3165 4408 quam

896 4437 1413 4509 desicz⁴ssz*xnmn
1473 4445 1765 4509 sonent:
1821 4433 1893 4505 id
1950 4432 2155 4530 quod
2212 4449 2469 4505 tamen
2528 4459 2678 4506 non
2738 4435 2877 4506 hoc
2937 4434 3162 4506 modo

900 4557 1262 4653 exprimit,
1341 4557 1473 4629 sed
1549 4573 1625 4629 ut
1693 4573 1805 4629 &St
1877 4565 2126 4653 poeta,
2202 4555 2526 4652 imagine
2601 4553 2722 4628 vel
2778 4580 3162 4652 compara—

900 4677 1101 4753 tiune
1185 4705 1381 4769 nsua,
1469 4705 1617 4777 qua
1689 4677 1951 4753 clarius
2025 4675 2491 4751 dulcedinem
2568 4675 2769 4751 illam
2848 4678 3163 4752 indicet:

100 5120 1585 5561 m
