3717 5575
990 649 1062 717 106

458 865 549 914 vero
578 840 821 914 barbarorum
852 840 988 938 placita
1011 839 1162 912 omnino
1186 838 1221 910 in
1246 839 1316 911 hac
1339 838 1590 934 disputatione

457 962 604 1036 silentio
642 964 843 1059 praeterire
870 963 1066 1037 convenit:
1097 976 1201 1035 vetat
1229 962 1308 1058 ipse
1337 961 1484 1034 Piero:
1514 960 1588 1058 qui,

458 1084 487 1157 si
525 1086 821 1182 praeteriremus,
861 1086 1025 1159 obiceret
1060 1085 1097 1157 id
1134 1084 1235 1181 quod
1273 1083 1477 1157 5011111111
1506 1082 1591 1156 lecit

458 1407 581 1457 chischen
602 1407 747 1457 Forschern
766 1407 820 1456 und
838 1407 889 1457 den
908 1406 1080 1472 egyptischen
1100 1405 1241 1455 Gelehrten
1260 1403 1341 1453 durch
1361 1403 1529 1453 Dolmetsche
1547 1420 1589 1468 ge-

457 1494 526 1542 siihrt
545 1493 658 1558 werden,
676 1494 740 1543 oder
756 1499 850 1558 mugen
867 1494 923 1542 sich
939 1501 1014 1542 unter
1030 1493 1081 1541 den
1097 1492 1226 1541 Priestern
1243 1491 1324 1540 sehon
1339 1490 1448 1540 manche
1458 1489 1588 1555 geiunden

455 1579 551 1645 haben,
570 1580 612 1629 die
631 1581 680 1629 wie
699 1580 741 1629 ein
758 1580 934 1645 Jahrhundert
952 1586 1040 1645 sp'a'ter
1058 1579 1105 1629 der
1120 1579 1279 1644 Erzpriester
1294 1576 1452 1627 hlanetho
1469 1577 1515 1627 der
1523 1578 1588 1643 grie·

455 1665 578 1718 chischen
604 1666 717 1731 Spraehe
743 1667 770 1715 in
790 1667 886 1716 vollem
905 1668 991 1716 Masse
1010 1667 1111 1731 kundig
1129 1682 1224 1715 waren.
1244 1666 1341 1714 Ferner
1360 1665 1451 1714 (11111111
1470 1666 1590 1714 1111111-

455 1759 554 1816 muten,
569 1753 629 1802 dass
647 1753 779 1802 Helleuen
796 1754 865 1802 noch
881 1754 973 1803 immer
982 1770 1027 1803 aus
1037 1753 1088 1803 den
1098 1752 1232 1802 secul'aren
1242 1751 1589 1816 Himmelsbeohachtungen

458 1839 504 1888 der
524 1839 642 1904 Egypter
661 1839 810 1904 Belehrung
830 1840 957 1905 schopsen
975 1840 1103 1904 konnten‚
1122 1838 1246 1888 wihrend
1265 1854 1292 1887 es
1311 1837 1421 1902 fraglich
1440 1839 1482 1902 ist,
1501 1838 1589 1887 inwie·

454 1927 515 1975 weit
533 1926 575 1975 die
594 1926 722 1991 Schopser
740 1927 786 1977 der
803 1928 975 1977 Mathematik
990 1927 1059 1977 noch
1074 1928 1152 1977 einen
1162 1927 1316 1990 Vorsprung
1325 1942 1373 1974 vor
1382 1926 1456 1975 ihren
1467 1925 1588 1990 genialen

458 2012 582 2062 Schdlern
606 2015 738 2063 besassen.
765 2014 828 2079 Mag
847 2030 901 2062 nun
920 2011 1016 2065 Platon
1035 2014 1150 2063 daselbst
1169 2013 1240 2062 diese
1258 2013 1321 2062 oder
1338 2012 1398 2076 jene
1418 2012 1527 2061 Studien
1546 2027 1589 2077 ge-

454 2100 554 2149 trieben
582 2101 668 2150 haben
695 2082 732 2138 -Ι
758 2101 835 2150 beide
863 2102 992 2166 vereinigt
1019 2101 1171 2167 (Himmels
1198 2100 1253 2149 und
1280 2098 1478 2165 Zahlenkunde)
1505 2107 1588 2148 nennt

454 2186 545 2236 Cicero
564 2215 609 2252 —,
624 2186 764 2251 jedenlalls
783 2188 850 2252 zeigt
869 2203 897 2237 er
915 2188 971 2237 sich
990 2188 1054 2236 iiber
1070 2187 1222 2251 egyptische
1238 2187 1326 2250 Dinge
1342 2185 1402 2234 sehr
1416 2185 1486 2234 wohl
1501 2192 1588 2235 unter-

453 2272 573 2323 richtet.'’

497 2360 589 2425 igitur,
607 2376 764 2425 quamquam
783 2361 942 2427 posteriores
961 2362 1044 2411 multa
1061 2361 1152 2410 fictitia
1169 2361 1202 2409 de
1217 2360 1259 2410 his
1275 2359 1432 2424 fabulantur,
1447 2375 1501 2408 non
1511 2358 1586 2408 facile

454 2447 513 2510 quis
536 2447 652 2512 negabit,
675 2447 728 2496 fieri
755 2449 912 2512 potuisse
938 2455 966 2497 ut
990 2449 1082 2498 ΡιΑτο
1099 2447 1228 2497 nonnulla
1245 2446 1278 2495 ad
1296 2446 1491 2511 philosophiam
1508 2445 1588 2510 perti-

452 2533 542 2581 nentia
566 2534 599 2581 ab
625 2533 763 2597 Aegyptiis
782 2541 913 2583 mutuatus
931 2534 974 2598 sit,
993 2535 1021 2583 si
1040 2534 1132 2583 modo
1151 2533 1406 2598 philosophiam
1424 2532 1586 2582 colebant

453 2617 495 2666 hi.
515 2618 593 2680 Quod
611 2620 730 2668 statuisse
748 2620 792 2668 hic
811 2620 874 2669 satis
893 2629 940 2669 est.
960 2620 1001 2670 Cf.
1021 2637 1080 2685 pag.
1102 2632 1151 2683 113
1170 2620 1231 2669 adn.
1253 2630 1266 2684 5
1286 2625 1312 2669 11
1332 2635 1391 2684 pag.
1414 2630 1462 2681 113
1482 2633 1541 2683 sqq.

497 2704 599 2769 Nempe
618 2706 695 2755 etiam
714 2706 735 2754 si
755 2707 782 2754 in
803 2707 933 2756 Pmoun
952 2722 1057 2771 quoque
1076 2722 1165 2756 verum
1184 2706 1217 2756 sit
1235 2705 1272 2770 id,
1291 2706 1362 2771 quod
1382 2706 1414 2755 de
1433 2705 1540 2755 Graecis
1558 2705 1585 2754 in

452 2792 600 2842 universum
620 2794 741 2858 permulti
761 2795 810 2842 viri
828 2794 900 2843 docti
920 2795 1021 2860 dicunt,
1038 2795 1104 2844 nihil
1125 2795 1179 2845 iere
1197 2795 1246 2844 hos
1264 2794 1316 2843 nisi
1336 2793 1543 2844 mathematicam
1561 2800 1587 2841 et

452 2880 635 2929 astronomiam
649 2881 683 2930 ab
699 2882 840 2946 Aegyptiis
854 2881 987 2946 didicisse,
1002 2882 1074 2946 quod
1088 2890 1226 2946 utrumque
1236 2888 1389 2945 negatur—
1398 2880 1432 2929 de
1442 2880 1548 2930 Graecis
1558 2879 1585 2928 ln

452 2966 600 3015 universum
618 2966 651 3016 es.
671 2983 693 3017 e.
704 2984 729 3033 g.
748 2968 907 3017 Wrnirsarm
927 2968 980 3017 o.l.
999 2984 1058 3033 pag.
1077 2966 1127 3029 48:
1147 2968 1214 3032 ,Die
1234 2967 1355 3031 Ansicht,
1373 2966 1432 3016 dass
1451 2967 1494 3015 die
1513 2965 1586 3015 (1111-

451 3052 517 3101 chen
542 3052 618 3102 dabei
642 3070 690 3103 nur
713 3054 910 3119 Mythologeme
929 3054 984 3104 und
1004 3054 1177 3104 Mathematik
1196 3054 1299 3118 gelernt
1315 3053 1416 3118 11111110,
1435 3052 1507 3101 nicht
1525 3053 1587 3101 aber

452 3138 614 3203 spekulative
639 3141 751 3206 Lehren,
769 3142 803 3190 ist
822 3157 873 3189 von
894 3141 945 3191 den
965 3141 1166 3205 Aegyptologen
1185 3156 1239 3189 nun
1259 3136 1586 3205 311111111111111ςος1111·11,’ι

451 3241 528 3289 quam
548 3227 704 3277 sententiam
722 3239 750 3277 ut
769 3228 872 3293 probet,
891 3236 995 3277 revocat
1014 3228 1047 3276 ad
1066 3228 1215 3277 Buuoscrm
1232 3243 1307 3291 opus,
1323 3226 1445 3290 Religion
1461 3226 1515 3275 und
1528 3225 1585 3288 My·

451 3311 566 3377 tholegie
590 3314 636 3363 der
659 3316 803 3379 Aegypter,
828 3315 937 3380 Leipzig
959 3313 1035 3378 1884,
1055 3314 1091 3379 11,
1110 3330 1169 3378 pag.
1189 3313 1282 3362 XVH:
1301 3313 1369 3375 „Die
1384 3312 1584 3362 vondenKlas·

450 3399 539 3448 sikem
554 3400 607 3449 viel
621 3401 676 3450 und
692 3402 819 3466 ungeteilt
835 3402 971 3465 geriihmte
981 3401 1110 3450 Weisheit
1119 3401 1165 3450 der
1175 3400 1345 3465 ligyptisehen
1355 3400 1475 3465 Priester,
1484 3398 1583 3448 welche

451 3485 515 3534 Gott
533 3485 560 3533 in
578 3485 625 3534 der
643 3487 714 3535 Welt
733 3487 946 3536 wiederkannten
964 3487 1020 3536 und
1035 3488 1078 3536 ein
1095 3485 1583 3551 philosophisehesSystemausgehaut

449 3571 549 3635 hatten,
570 3571 661 3621 dessen
682 3573 819 3622 Lehrsatze
838 3574 864 3622 in
883 3573 958 3622 ihren
976 3574 1073 3623 letzten
1091 3573 1287 3623 Bruchstfleken
1307 3589 1356 3622 uns
1375 3572 1421 3622 aut'
1437 3572 1510 3622 Stein
1528 3572 1583 3621 und

450 3659 566 3722 Papyrus
584 3659 699 3709 erhalten
719 3660 788 3725 sind,
807 3676 858 3709 war
877 3660 1015 3709 sicherlich
1035 3660 1096 3708 kein
1113 3662 1194 3710 leerer
1210 3659 1306 3723 Wahn,
1322 3659 1375 3709 und
1391 3658 1513 3709 eshiesse
1523 3658 1582 3708 dem

448 3745 628 3795 hellenischen
654 3747 743 3796 Geiste
766 3748 809 3796 ein
835 3748 945 3797 falsches
970 3748 1025 3797 und
1050 3747 1160 3797 schiefes
1186 3748 1268 3798 Urteil
1293 3746 1471 3804 auschreiben,
1495 3746 1582 3795 wollte

448 3847 507 3880 man
531 3832 597 3881 nach
621 3833 754 3883 heliehten
779 3834 920 3883 modernen
945 3835 1063 3884 Mustern
1083 3834 1125 3883 die
1145 3833 1291 3883 Ansichten
1309 3833 1355 3882 der
1374 3832 1454 3882 Alten
1473 3832 1583 3882 darilber

448 3918 476 3966 in
495 3918 600 3967 Zweisel
619 3920 736 3985 ziehen”;
755 3920 825 3985 quod
844 3921 876 3970 ad
892 3922 1044 3970 Pnaroxnu
1060 3921 1093 3970 cf.
1110 3921 1222 3970 eundem
1237 3937 1261 3969 o.
1272 3920 1289 3970 1.
1301 3936 1361 3986 pag.
1370 3934 1437 3982 ⁴0²²
1450 3919 1581 3983 ,Platon's

449 4004 603 4055 Aufenthalt
621 4007 648 4056 in
668 4009 807 4073 Aegypten
826 4008 861 4057 ist
878 4008 1018 4073 gentigeud
1037 4010 1161 4073 bezeug13
1177 4009 1236 4057 dass
1252 4023 1280 4057 er
1295 4007 1351 4056 sich
1360 4008 1418 4057 dort
1428 4008 1501 4058 nicht
1511 4009 1582 4057 bloss

449 4091 662 4142 mathematische
686 4094 847 4143 Kenntnisse
869 4094 1018 4158 aneignete,
1036 4094 1145 4160 reigt(?)
1163 4093 1206 4143 die
1225 4109 1278 4143 von
1297 4094 1454 4159 Porphyrios
1473 4094 1578 4159 nachge

448 4178 560 4228 wiesene
580 4180 852 4244 Uebereinstimmung
871 4181 957 4230 seiner
976 4180 1059 4229 Lehre
1075 4196 1128 4229 von
1143 4180 1189 4229 der
1205 4179 1420 4230 Schiclrsalswahl
1435 4182 1481 4230 der
1491 4181 1583 4232 Seelen

448 4280 494 4314 vor
513 4266 560 4314 der
578 4266 678 4316 Geburt
697 4268 744 4316 mit
763 4268 809 4318 der
828 4267 1000 4333 agyptisehen
1018 4268 1195 4332 Auschauung
1213 4283 1272 4317 vom
1289 4267 1449 4333 Horoskop‘’
1464 4270 1584 4334 -,nihil

449 4350 513 4400 haec
535 4353 561 4401 in
585 4353 779 4417 philosophiam
802 4354 937 4403 Pmoms
961 4354 1117 4417 pertinuisse
1140 4369 1189 4403 nec
1213 4355 1353 4419 quiequam
1372 4354 1432 4404 huic
1449 4356 1586 4421 profuisse,

448 4438 577 4487 artissimo
595 4455 725 4504 perpenso
741 4440 812 4504 quod
828 4440 898 4504 apud
908 4455 967 4489 eum
978 4440 1045 4489 inter
1055 4440 1253 4505 philosophiam
1264 4448 1335 4490 extat
1345 4451 1371 4491 et
1381 4443 1587 4492 mathematicam

450 4524 556 4574 vinculo
578 4524 623 4591 (de
637 4542 695 4592 ,quo
713 4527 774 4576 vide
794 4526 860 4576 inira
880 4542 940 4591 pag.
963 4538 1010 4589 113
1029 4527 1090 4576 adn.
1113 4527 1149 4594 5),
1174 4528 1217 4576 vix
1235 4537 1274 4577 est
1292 4529 1431 4595 credibile,
1450 4529 1500 4578 nisi
1519 4530 1585 4579 sorte

450 4612 510 4674 quis
531 4612 632 4661 nullum
651 4613 683 4662 ad
703 4613 781 4662 tinem
802 4614 956 4665 PLATONEM
975 4613 1002 4662 in
1023 4614 1175 4685 Aegyptum
1193 4614 1244 4669 iter
1262 4614 1364 4677 secisse,
1379 4631 1428 4666 nec
1444 4616 1587 4686 quidquam

450 4698 488 4750 ibi
504 4698 625 4750 didicisse
644 4708 741 4753 censet.
