3717 5575
806 696 850 768 91

322 876 357 946 6.
388 871 497 945 Haec
519 871 712 964 sufficiant,
737 888 790 964 ut,
814 873 916 970 quod
940 873 988 947 sit
1010 874 1198 949 Pnnnorus
1220 876 1268 953 de
1292 880 1397 976 poesi

267 1037 319 1049 -
347 1009 531 1091 quatenus
559 995 608 1067 ad
632 993 907 1093 philosophiam
931 996 1115 1093 pertineat
1138 1043 1190 1054 -
1213 1000 1397 1094 iudicium,

267 1131 524 1215 cognoscatur.
550 1116 697 1211 Quibus
718 1118 878 1215 peractis
892 1116 1047 1193 alteram
1063 1144 1175 1216 quam
1191 1122 1263 1196 hoc
1276 1124 1399 1221 capite

268 1238 502 1313 tractandam
525 1264 608 1314 esse
632 1240 706 1313 dixi
725 1241 983 1336 quaestionem
998 1241 1049 1315 sic
1062 1242 1152 1316 satis
1167 1244 1254 1318 mihi
1269 1245 1400 1320 videor

269 1363 318 1435 ad
340 1361 479 1435 exitum
504 1361 730 1460 perduxisse.
752 1363 794 1436 ln
810 1389 885 1459 qua
899 1362 1136 1462 profliganda
1149 1365 1257 1440 simul
1271 1365 1400 1441 oblata

269 1500 325 1559 est
347 1483 515 1575 facultas,
541 1499 582 1557 ut
605 1507 680 1557 non
703 1482 824 1558 solum
848 1485 1034 1584 Orphicos
1047 1487 1142 1562 inter
1155 1487 1400 1587 philosophos

271 1606 455 1680 numerari
482 1630 506 1679 a
535 1606 715 1680 Punronu
737 1606 1046 1700 demonstrarem,
1070 1611 1336 1685 verumetiam
1360 1626 1400 1684 ut

270 1753 509 1826 exponerem,
538 1728 627 1826 quid
650 1728 698 1803 de
722 1729 865 1804 ratione
888 1731 1068 1828 mythis
1092 1747 1130 1806 et
1152 1732 1292 1829 poesi
1316 1758 1399 1807 cum

271 1848 507 1948 philosophia
534 1850 787 1926 intercedente
814 1867 994 1928 censeret.

324 1973 534 2067 Quominus
556 1988 682 2047 autem
697 1975 747 2047 ad
760 1972 926 2072 singulos
940 1977 1155 2050 tractandos
1168 1958 1402 2051 transeamus

272 2093 529 2193 philosophos,
567 2081 719 2170 obstant
755 2094 945 2187 nonnulla,
974 2097 1022 2171 de
1050 2099 1183 2195 quihus
1210 2115 1401 2197 postremo

273 2218 404 2315 prioris
432 2218 547 2315 partis
574 2219 697 2317 capite
723 2219 885 2294 breviter
911 2245 993 2293 sum
1022 2220 1194 2297 dicturus.

266 2383 458 2403 ‘⁸‘—

275 2465 321 2515 der
345 2462 565 2529 eigenthtlmliche
589 2463 690 2513 Zauba
710 2463 781 2529 aber,
798 2462 844 2513 der
861 2479 910 2513 uns
928 2479 974 2514 aus
994 2463 1130 2514 derselben
1148 2465 1344 2532 eutgegeutritt,
1359 2465 1403 2515 be-

273 2551 333 2600 ruht
356 2549 451 2615 genade
474 2549 521 2599 auf
538 2548 585 2599 ‹ler
602 2549 711 2613 innlgen
730 2549 917 2616 Vermihlung,
936 2550 1034 2601 welche
1053 2550 1143 2602 Poesie
1161 2552 1217 2603 und
1234 2552 1403 2618 Philosophie

274 2636 302 2687 iu
320 2636 361 2686 ihr
381 2636 515 2701 vollwgeu
533 2634 647 2685 habenl’

318 2723 429 2789 Romul,
453 2722 562 2790 Psyche,
580 2738 639 2789 pag.
661 2731 726 2787 571:
746 2722 799 2787 ,Er
817 2722 899 2773 selbst
917 2722 983 2773 wird
1000 2723 1084 2791 vollig
1101 2724 1156 2774 und
1174 2724 1328 2777 unverstellt
1346 2741 1405 2775 zum

275 2809 471 2875 theologischen
490 2810 608 2874 Dichter,
625 2825 666 2859 wo
684 2825 721 2876 er,
738 2809 806 2860 uach
820 2809 880 2860 <lem
895 2810 1009 2860 Vorbild
1023 2811 1069 2861 der
1083 2812 1251 2865 erbaulichen
1260 2812 1406 2879 Dichtnng,

275 2895 318 2945 <lie
342 2895 492 2946 Erlebuisse
510 2896 557 2946 <let
576 2895 650 2945 Seele
668 2895 796 2946 zwischen
814 2897 878 2947 zwei
897 2896 1034 2947 Stationen
1054 2897 1100 2948 der
1117 2898 1247 2949 lrdischen
1266 2898 1405 2949 Wallinhrt

276 2982 392 3048 eumslt,
410 2982 474 3032 oder
491 2981 534 3031 die
552 2980 731 3046 sturengunge
745 2981 870 3032 irdischer
884 2982 1059 3034 Lebensuure
1072 2984 1231 3051 beschreibt,
1245 2985 1288 3035 die
1296 2984 1339 3035 bis
1347 2999 1405 3034 zum

275 3069 355 3120 Thier
372 3069 415 3120 die
435 3069 509 3120 Seele
526 3068 770 3120 hinmterruhren.”
