3717 5575
992 675 1064 744 114

458 871 556 942 quae
591 848 641 921 ad
667 846 773 947 leges
801 848 972 924 serendas
998 850 1231 947 pertinentia,
1260 850 1295 921 in
1327 847 1507 946 Aegypto
1536 849 1587 921 in·

457 1097 524 1146 quae
549 1082 581 1132 de
607 1084 729 1149 Aegypto
747 1083 831 1133 tradat
849 1084 951 1148 Pharo,
968 1083 1034 1133 nihil
1052 1098 1109 1133 esse
1126 1088 1234 1132 censent
1253 1081 1324 1147 quod
1340 1080 1374 1131 ad
1391 1080 1586 1147 philosophiam

456 1169 586 1233 pertineat
610 1169 717 1236 (Hsant.
742 1170 795 1219 o.l.
816 1186 875 1235 pag.
897 1170 945 1234 56:
965 1170 1029 1233 ,Bei
1047 1168 1281 1234 philosopbischen
1299 1168 1402 1218 Lehren
1421 1167 1527 1218 endlicb
1547 1183 1590 1233 ge·

456 1253 539 1305 denkt
562 1271 590 1305 er
614 1257 767 1321 Aegyptens
791 1255 862 1306 nie.”
887 1257 996 1305 Zmea
1020 1256 1073 1306 o.l.
1093 1256 1105 1305 Ι
1127 1255 1152 1305 1⁸
1171 1271 1230 1321 pag.
1250 1266 1298 1317 27:
1318 1253 1464 1317 ,wirktieh
1483 1254 1543 1304 sind
1562 1269 1590 1303 es

455 1342 520 1391 auch
547 1358 597 1392 nur
623 1342 774 1394 technische
802 1342 980 1408 Fertigkeiten
1007 1342 1062 1392 und
1088 1341 1223 1391 staatliche
1251 1340 1468 1406 Einrichtungen,
1495 1339 1590 1389 nicht

455 1427 745 1494 philosophische
762 1429 1052 1495 Entdeckungen,
1070 1428 1112 1478 die
1131 1444 1160 1479 er
1175 1444 1208 1478 an
1225 1427 1428 1477 verschiedenen
1444 1426 1589 1476 Ortenvon

455 1514 536 1564 ibnen
554 1532 584 1564 zu
602 1515 711 1566 rtihmen
731 1515 823 1566 weiss”
843 1531 869 1581 q.
879 1515 922 1583 s.);
941 1516 996 1566 inre
1015 1516 1053 1581 hi,
1070 1516 1175 1581 opinor,
1192 1515 1214 1564 si
1233 1530 1287 1564 οοινο
1305 1513 1384 1563 inhis
1395 1512 1589 1578 philosophiam

455 1600 663 1668 interpretemur,
676 1618 755 1667 quam
770 1618 818 1652 nos
833 1603 904 1653 bisce
921 1603 1097 1668 temporibus:
1113 1602 1154 1651 sin
1169 1602 1265 1666 minus,
1278 1600 1349 1650 haud
1360 1600 1414 1649 scio
1424 1615 1458 1649 au
1467 1599 1589 1649 audacius

453 1687 519 1737 haec
547 1689 579 1737 ab
607 1696 717 1754 utroque
745 1688 814 1738 dicta
838 1689 898 1738 sint.
924 1689 1039 1754 Scilicet,
1062 1688 1231 1738 consideratis
1255 1701 1323 1751 quae
1347 1687 1380 1736 de
1405 1684 1589 1751 philosophiae

454 1774 562 1824 notione
586 1791 664 1839 supra
687 1774 806 1839 disserui,
828 1774 995 1840 perspicuum
1013 1775 1065 1824 iam
1083 1775 1142 1840 erit,
1159 1773 1354 1839 philosophiam
1372 1773 1394 1822 si
1414 1787 1471 1822 eam
1489 1779 1589 1822 tautum

453 1858 534 1925 dicas,
558 1875 637 1925 qnam
662 1877 720 1926 nos,
743 1860 831 1910 multis
850 1859 1068 1926 philosophorum
1087 1876 1183 1910 nomen
1201 1860 1369 1911 adimendum
1387 1875 1452 1924 esse,
1473 1874 1540 1923 quos
1560 1859 1588 1908 in

453 1947 620 2012 antiquorum
644 1947 860 2013 philosophorum
885 1963 992 1998 numero
1016 1963 1093 1997 nemo
1112 1962 1165 1997 non
1184 1946 1290 2013 reseret,
1310 1947 1351 1996 sin
1371 1961 1432 1996 vero
1451 1946 1509 1995 voci
1527 1945 1588 1995 hnic

453 2047 484 2081 ea
505 2033 626 2083 tribuitur
645 2034 694 2100 vis,
713 2050 764 2100 qua
782 2035 853 2100 apud
873 2035 996 2100 antiquos
1015 2049 1063 2084 nec
1083 2049 1136 2083 non
1154 2033 1226 2100 apud
1240 2033 1393 2083 Pmrouru
1408 2042 1447 2082 est
1463 2031 1588 2097 praedita,

453 2118 534 2169 mults
551 2120 683 2186 pertinere
701 2121 735 2172 ad
753 2137 820 2186 eam,
837 2137 905 2187 quae
923 2137 972 2171 nos
985 2121 1065 2171 hodie
1083 2120 1278 2186 philosophiam
1296 2135 1349 2169 non
1366 2119 1497 2169 ducamus.
1514 2119 1587 2168 Haec

454 2205 475 2260 si
503 2207 627 2257 memoria
651 2215 781 2274 tenentur,
805 2223 858 2257 non
882 2208 959 2258 facile
982 2214 1099 2272 negatur,
1124 2206 1151 2255 in
1177 2207 1210 2256 iis
1235 2220 1302 2270 quae
1320 2204 1354 2255 de
1373 2207 1496 2269 Aegypto
1514 2203 1586 2270 apud

453 2291 605 2342 Percosia
620 2294 752 2360 leguntur,
766 2294 879 2344 inveniri
896 2293 1033 2359 quaedam,
1048 2308 1115 2358 quae
1128 2292 1161 2342 ad
1171 2292 1374 2358 philosophiam,
1388 2307 1466 2357 quam
1475 2291 1497 2340 is
1507 2291 1585 2341 inter·

452 2387 575 2445 pretatur,
601 2381 718 2446 proxime
736 2382 870 2431 accedant.
889 2381 1004 2446 Scilicet,
1022 2389 1050 2430 ut
1069 2380 1217 2445 exemplum
1234 2379 1352 2429 afferam:
1372 2378 1481 2427 Phaedr.
1501 2377 1584 2440 274C

450 2480 511 2531 sqq.
535 2465 586 2516 deo
611 2468 775 2533 Aegyptiace
799 2468 904 2517 Theuth
922 2466 1042 2517 inventio
1061 2467 1182 2516 tribuitur
1200 2466 1309 2531 numeri,
1327 2464 1497 2529 computandi
1515 2465 1586 2531 artis,

451 2552 617 2618 geometriae,
635 2555 817 2617 astronomiae,
836 2553 960 2603 aliorum:
978 2553 1069 2599 τοῦτον
1081 2550 1134 2612 (τὸν
1150 2548 1222 2611 orii)
1237 2546 1264 2597 ll
1277 2552 1374 2609 σρίίσον
1387 2546 1486 2608 ἀριίμίν
1500 2563 1530 2595 τε
1544 2546 1588 2596 aei

448 2635 572 2696 λογισμον
589 2632 665 2697 ciprii
680 2635 723 2684 aei
735 2636 890 2699 γεωμετρίαν
904 2635 948 2685 καί
962 2634 1127 2697 ἀστρονομίαν
1141 2645 1216 2686 arat.
1231 2637 1429 2687 Mathematicas
1439 2644 1586 2701 veroartes,

449 2722 472 2771 si
497 2723 582 2773 minus
599 2724 683 2792 ipsius
702 2724 885 2791 philosophiae
903 2741 964 2792 pars
982 2725 1044 2794 sint,
1062 2734 1089 2775 at
1105 2725 1196 2775 saltem
1212 2739 1270 2774 cum
1286 2723 1457 2790 philosophia
1470 2739 1503 2772 ex
1518 2723 1585 2773 PLA-

449 2821 529 2859 'roms
546 2813 677 2862 sententia
694 2814 822 2863 artissime
839 2814 993 2865 coniunctas
1012 2829 1077 2879 esse,
1095 2813 1173 2862 variis
1188 2812 1253 2862 locis
1268 2820 1386 2878 apparet.
1402 2811 1443 2862 Cf.
1460 2812 1585 2877 Carrion,

450 2896 632 2965 Vorlesungen
650 2900 715 2949 tiber
734 2899 892 2950 Geschichte
910 2900 957 2950 der
972 2900 1152 2950 Mathematiic.
1168 2900 1257 2949 Ecster
1272 2897 1373 2948 Band.¹
1385 2898 1434 2947 111.
1445 2897 1583 2948 Griechen.

452 2997 492 3034 to.
519 2986 635 3051 Kapitel.
660 2987 766 3052 Platon3
793 2994 820 3037 et
843 2987 971 3053 imprimis
996 2987 1029 3038 G.
1054 2988 1173 3052 Romus,
1198 2987 1249 3035 Les
1270 2985 1491 3050 Mathematiques
1508 2990 1535 3034 et
1558 2984 1584 3034 la

449 3072 616 3138 Dialectique
640 3074 705 3124 dans
728 3075 753 3124 le
777 3074 889 3139 systeme
912 3074 946 3125 de
970 3074 1071 3124 Platon.
1092 3073 1197 3123 Archiv.
1217 3072 1235 3123 i.
1255 3072 1350 3123 Gesch.
1369 3073 1395 3122 d.
1413 3071 1583 3136 Philosophie

449 3159 508 3225 XV,
531 3174 557 3221 4.
585 3173 660 3224 1902.
685 3178 745 3227 pag.
773 3174 826 3225 479
845 3176 914 3227 sqq.;
940 3177 963 3211 e.
979 3178 1004 3226 g.
1029 3176 1089 3226 pag.
1113 3159 1180 3222 480:
1207 3161 1265 3224 ,De
1290 3166 1374 3209 toutea
1398 3158 1437 3208 les
1458 3159 1583 3223 sciences,

446 3246 486 3296 les
509 3248 726 3315 mathematiques
744 3258 813 3315 sont,
833 3266 899 3315 pour
917 3250 1020 3315 Platon,
1038 3248 1117 3299 celles
1136 3249 1181 3313 qui
1198 3264 1225 3298 se
1242 3248 1416 3313 rapprochent
1431 3249 1457 3298 lc
1473 3248 1533 3313 plus
1548 3247 1582 3297 de

447 3332 473 3382 la
490 3333 676 3400 disiectique.”
695 3336 738 3403 [In
756 3338 845 3403 aprico
864 3344 913 3403 est,
930 3352 985 3386 non
1004 3337 1046 3402 agi
1064 3336 1097 3386 de
1116 3336 1215 3400 vulgari
1234 3335 1281 3385 illa
1299 3335 1441 3400 geometria
1459 3342 1486 3384 et
1504 3334 1582 3383 arith·

446 3421 540 3470 metica
558 3418 723 3483 (ἇριίμνιτιιιὴ)
740 3419 755 3475 ἡ
772 3427 821 3470 τῶν
839 3427 947 3478 πολλῶν,
965 3420 1099 3484 λογιστιιιῆ
1118 3419 1161 3469 καὶ
1177 3419 1312 3483 μετρητικὴ
1330 3417 1345 3475 sl
1360 3420 1427 3469 mh
1443 3418 1586 3475 removeatis

445 3501 488 3552 ael
504 3505 564 3554 κατ’
581 3501 722 3568 iurauerit,
738 3527 754 3560 a
772 3526 824 3576 qua
842 3504 856 3562 i
874 3511 924 3556 τῶν
941 3504 1143 3571 φιλοσοφούντων
1160 3504 1325 3568 (ἀριθμητική)
1348 3506 1461 3574 (Phileb.
1487 3508 1520 3574 56
1536 3509 1595 3576 D),

444 3586 459 3643 εἱ
483 3592 551 3640 κατὰ
573 3593 723 3655 φιλοσοφίαν
746 3592 888 3655 ρειιμετρία
911 3609 941 3642 τε
963 3592 1006 3642 καὶ
1027 3591 1148 3656 λογισμοὶ
1168 3589 1405 3653 καταμελοτιὶιμενει
1423 3594 1503 3661 plane
1521 3604 1582 3644 sunt

446 3678 548 3730 diversa
562 3680 675 3747 (Phileb.
687 3682 992 3749 56E);ci.Roo11ta;l.l.
1003 3699 1063 3748 pag.
1072 3681 1145 3750 480}
1156 3683 1338 3733 PLUTARCHUS
1346 3680 1466 3745 (Quaest.
1476 3682 1581 3732 conviv.

445 3765 521 3834 Vlll,
545 3767 574 3835 2)
596 3769 701 3819 effatum
724 3778 908 3820 commemorat
927 3771 1076 3819 thouis:
1102 3766 1153 3825 iaie
1176 3765 1217 3816 tat
1238 3767 1377 3830 γεινμετρεῖ
1392 3768 1447 3835 (Cf.
1468 3769 1582 3818 Cauros

445 3867 470 3902 o.
480 3852 498 3901 l.
515 3869 575 3919 pag.
593 3866 653 3922 171,
667 3855 731 3905 adn.
748 3868 770 3921 r,
788 3856 948 3905 Wmmauu
963 3872 987 3905 o.
998 3856 1015 3906 l.
1032 3871 1109 3922 pagg.
1125 3867 1170 3922 43,
1179 3868 1240 3922 304,
1250 3854 1322 3921 389).
1338 3856 1369 3905 In
1379 3855 1462 3920 ipsius
1472 3854 1580 3904 Theaet.

448 3939 529 4002 173E
548 3939 581 3990 de
599 3957 660 3992 vere
678 3941 830 4007 philosophi
850 3936 946 4005 διανοίᾳ
963 3942 1028 3993 haec
1047 3941 1183 3991 dicuntur:
1201 3937 1216 3995 ti
1235 3937 1262 3987 ai
1278 3936 1382 4000 derivata,
1397 3942 1484 3988 ταῦτα
1497 3936 1583 3987 πάντα

444 4019 591 4085 ἥγησαμίιη
614 4026 707 4086 σμικρὰ
729 4025 771 4074 καὶ
795 4023 873 4081 aidis.
889 4023 1044 4086 ἀτιμάσασα
1061 4028 1183 4090 πανταχῇ
1199 4023 1302 4089 φίρετοιι
1319 4026 1387 4074 κατὰ
1404 4023 1532 4087 Πίνδαρον,
1548 4026 1583 4073 τα

445 4121 475 4155 το
497 4111 548 4169 ρας
570 4104 681 4168 uitiauit
703 4106 747 4156 aci
768 4108 803 4156 sle
826 4104 936 4156 ὃτίτεδα
951 4114 1202 4171 γειομετροίίσιε,
1220 4106 1319 4169 οίρανοίί
1336 4125 1366 4157 τε
1387 4107 1448 4167 ὕπερ
1464 4106 1583 4169 derwe-

442 4190 535 4249 μοίίσα,
558 4187 601 4237 καὶ
622 4193 707 4238 πᾶσαν
730 4187 813 4251 skura
833 4187 908 4252 φύσιν
931 4186 1079 4251 ἔριννομίιη
1102 4194 1152 4239 τᾶν
1172 4189 1249 4239 ’ὄντων
1267 4186 1378 4238 inclinas
1395 4188 1463 4246 ίλον,
1479 4187 1514 4247 είς
1531 4192 1580 4237 τᾶν

442 4268 524 4334 irrite
545 4268 615 4320 oilla
638 4267 717 4328 αὐτὴν
736 4270 910 4334 erguiseim.
928 4274 984 4324 Nec
1003 4290 1057 4324 non
1074 4275 1117 4325 hic
1135 4274 1266 4325 laudanda
1283 4283 1343 4324 sunt
1362 4275 1481 4324 Zmutu
1499 4274 1579 4324 verba

443 4358 502 4425 (Ph.
522 4360 547 4409 d.
566 4359 611 4410 Gr.
631 4360 657 4409 II
678 4361 704 4410 1⁴
722 4375 782 4425 pag.
801 4360 879 4425 955):
899 4361 997 4424 ,Hatte
1016 4361 1072 4411 sich
1091 4362 1164 4411 Plato
1183 4361 1264 4410 sehon
1282 4362 1309 4410 in
1326 4361 1371 4410 der
1387 4359 1579 4410 wissenschaft-

442 4445 530 4496 lichen
546 4446 715 4511 Darstellung
730 4447 814 4496 seiner
830 4446 999 4511 Metaphysilr
1015 4447 1074 4497 dem
1090 4446 1316 4512 Pythagoretsmus
1332 4446 1379 4497 auf
1391 4445 1579 4496 cinebedenk·

442 4532 511 4582 liche
536 4533 623 4582 Weise
648 4532 782 4599 genibert,
800 4549 836 4582 so
860 4534 940 4582 tritt
958 4534 991 4583 in
1011 4533 1073 4584 den
1092 4533 1259 4583 Gesetzen
1279 4534 1333 4584 die
1352 4531 1579 4583 Mathematik

443 4618 602 4669 vollends
620 4637 702 4685 ganz
720 4637 758 4670 an
777 4621 832 4669 die
851 4619 961 4670 stelle
979 4621 1036 4671 der
1053 4619 1315 4687 Philosophic;”
1333 4620 1373 4686 (in
1392 4620 1451 4670 aliis
1468 4634 1578 4685 quoque

440 4706 552 4770 dialogis
576 4708 771 4757 mathematicae
794 4716 861 4758 artes
885 4716 911 4756 et
936 4707 1071 4757 dialectica
1088 4707 1214 4757 confundi
1232 4706 1285 4756 sere
1305 4707 1427 4757 videntur
1446 4707 1514 4756 inter
1535 4721 1577 4755 se:
