3717 5575
972 665 1046 734 204

439 841 638 939 Orpheo
675 840 882 937 profert,
922 840 1016 912 nisi
1054 839 1286 912 iudicium
1323 841 1571 914 contineri

439 980 582 1062 putes
622 962 865 1037 Phaedon.
907 961 1024 1052 68A,
1063 987 1155 1058 quo
1192 958 1301 1034 loco
1329 961 1367 1033 si
1396 987 1571 1036 revera

438 1086 494 1161 de
536 1085 735 1183 Orpheo
778 1085 956 1183 agitur,
1001 1098 1337 1181 congruenter
1372 1081 1570 1183 vulgari

437 1206 638 1282 fabulae
675 1233 767 1281 non
806 1206 929 1281 male
962 1207 1018 1280 de
1047 1231 1102 1280 eo
1130 1205 1417 1280 existimare
1445 1207 1571 1281 vide·

437 1346 531 1405 tur:
562 1330 777 1428 Sympos.
812 1329 938 1424 179D
963 1353 1048 1402 nec
1072 1328 1272 1420 Pmrons,
1297 1353 1383 1402 nec
1405 1326 1570 1427 vulga·

436 1455 504 1527 ris
539 1452 794 1527 sententia
830 1452 1136 1551 exprimitur.

491 1576 680 1670 Quodsi
727 1574 846 1648 talis
893 1601 994 1648 curn
1035 1574 1230 1673 vulgari
1272 1574 1328 1648 de
1370 1575 1570 1674 Orpheo

437 1696 599 1771 fabula
627 1713 697 1772 est
725 1698 846 1771 ratio
876 1698 1076 1788 Pretorius
1101 1696 1282 1794 qualem
1307 1697 1440 1772 modo
1463 1698 1570 1771 indi-

436 1821 559 1912 cavi,
589 1845 675 1894 non
704 1821 861 1893 mirum
889 1820 1159 1911 videbitur,
1185 1820 1297 1916 quid
1320 1820 1377 1894 de
1401 1820 1570 1919 Orphei

436 1968 619 2041 genere
654 1944 836 2017 sentiat
869 1943 969 2041 ipse
997 1943 1135 2034 Pinio,
1166 1967 1401 2039 nusquam
1431 1968 1570 2040 appa·

435 2090 562 2139 rere:
601 2090 693 2139 non
725 2064 881 2140 solum
911 2064 1018 2163 Rep.
1050 2065 1083 2137 11
1116 2064 1239 2159 364E
1268 2091 1376 2162 sqq,
1405 2091 1571 2140 verum

436 2188 583 2262 etiam
607 2187 762 2287 Symp.
794 2208 865 2283 179
882 2188 919 2262 D
944 2186 1136 2262 aliorum
1160 2204 1571 2262 commemorantur

437 2311 719 2407 opiniones:
748 2311 860 2385 Tim.
886 2312 981 2405 40D
1005 2326 1157 2385 autem
1180 2311 1235 2384 de
1259 2310 1459 2408 Orpheo
1483 2337 1569 2385 non

435 2433 613 2531 agitur.
644 2434 820 2532 ltaque
849 2452 1003 2508 utrum
1032 2432 1250 2508 Graecus
1277 2434 1479 2508 habitus
1506 2434 1569 2508 sit

436 2555 651 2653 Orpheus
700 2581 724 2630 a
774 2557 954 2630 Pmoun
1004 2581 1057 2630 an
1108 2557 1284 2647 Thrax,
1333 2557 1453 2632 haec
1494 2571 1569 2631 est

436 2679 686 2775 quaestio,
724 2704 850 2776 quae
885 2679 967 2753 vix
1003 2680 1116 2777 poni
1144 2705 1290 2777 posse
1317 2680 1567 2774 videatur3

435 2799 556 2876 licet
596 2801 967 2876 concedendurn
1010 2802 1089 2893 sit,
1132 2827 1278 2876 ansas
1319 2828 1409 2876 non
1452 2803 1568 2878 dare

436 2924 664 3015 Pmonnn,
690 2940 739 2999 ut
762 2924 1079 3015 arbitremur,
1103 2924 1342 2999 Thracem
1365 2908 1568 3023 putasse

436 3071 539 3121 eum
567 3046 827 3146 Orpheum.

489 3170 716 3268 Denique
756 3195 811 3244 ea
847 3196 972 3267 quae
1009 3170 1066 3243 de
1103 3170 1289 3268 Orphei
1326 3170 1567 3246 descensu

435 3291 494 3364 ad
517 3289 706 3365 inferos
729 3292 882 3366 tradit
905 3292 1045 3382 Pmo,
1069 3290 1210 3366 latius
1235 3307 1409 3390 patent,
1434 3319 1567 3392 quam

435 3428 485 3486 ut
535 3438 590 3486 ex
631 3429 768 3487 certo
811 3414 1020 3510 quodam
1062 3439 1212 3511 opere
1253 3416 1418 3512 petita
1458 3442 1568 3490 esse

435 3533 574 3608 effici
603 3534 778 3631 possit.

488 3655 556 3729 Ex
579 3656 1570 3761 omnibushisautemsatisperspicuum

434 3778 549 3851 mihi
590 3778 805 3870 videtur,
849 3795 1039 3854 tantum
1077 3781 1274 3873 abesse,
1316 3799 1365 3857 ut
1401 3809 1570 3883 parum

434 3899 609 3975 critica
645 3900 841 3975 ratione
874 3900 1172 3999 vulgaribus
1199 3904 1256 3977 de
1284 3903 1481 4001 Orpheo
1510 3905 1568 3980 sa·

434 4021 564 4096 bulis
587 4022 733 4096 sidem
757 4023 991 4097 habuerit
1015 4023 1160 4115 Pmro,
1185 4041 1233 4099 ut
1255 4042 1426 4101 contra
1448 4028 1568 4103 hisce

433 4144 618 4219 fabulis
655 4170 821 4242 parum
859 4146 1159 4237 credidisse,
1197 4163 1336 4222 certe
1372 4152 1568 4226 omnino

433 4267 1567 4371 easnoncurasse,satisverisimilevideatur.¹)

480 4528 507 4596 ι)
526 4529 622 4580 Partim
640 4535 742 4579 tantum
759 4529 824 4579 haec
843 4528 906 4578 mihi
922 4529 1061 4578 convenire
1079 4527 1200 4578 videntur
1215 4544 1274 4600 curn
1289 4529 1322 4578 iis
1337 4545 1405 4594 quae
1415 4530 1506 4579 scribit
1515 4531 1566 4579 Lo·

433 4627 555 4681 atenim,
574 4615 707 4681 Aglaoph.
727 4617 748 4682 1,
767 4632 845 4682 pugg.
865 4614 924 4681 338,
945 4627 1011 4679 339:
1032 4615 1158 4680 „Saepius
1174 4616 1275 4681 Orphei
1290 4617 1408 4665 meminit
1418 4617 1491 4667 Plato
1501 4617 1567 4667 locis

433 4702 475 4768 iis,
493 4719 559 4769 quos
578 4703 713 4769 deinceps,
731 4711 759 4752 ut
778 4703 889 4768 primum
907 4703 1010 4751 occasio
1028 4702 1089 4751 data
1105 4702 1163 4768 erit,
1178 4702 1360 4771 indicabimus,
1369 4702 1478 4769 ejusque
1487 4704 1565 4754 etiam
