<?xml version="1.0" encoding="UTF-8"?>
<!DOCTYPE html PUBLIC "-//W3C//DTD XHTML 1.0 Transitional//EN"
    "http://www.w3.org/TR/xhtml1/DTD/xhtml1-transitional.dtd">
<html xmlns="http://www.w3.org/1999/xhtml" xml:lang="en" lang="en">
 <head>
  <title>
</title>
<meta http-equiv="Content-Type" content="text/html;charset=utf-8" />
  <meta name='ocr-system' content='tesseract 3.04.00' />
  <meta name='ocr-capabilities' content='ocr_page ocr_carea ocr_par ocr_line ocrx_word'/>
</head>
<body>
  <div class='ocr_page' id='page_1' title='image "./deplatonepraeso02woltgoog_0204.png"; bbox 0 0 3717 5575; ppageno 0'>
   <div class='ocr_carea' id='block_1_1' title="bbox 970 649 1040 719">
    <p class='ocr_par' dir='ltr' id='par_1_1' title="bbox 970 649 1040 719">
     <span class='ocr_line' id='line_1_1' title="bbox 970 649 1040 719; baseline -0.014 0"><span class='ocrx_word' id='word_1_1' title='bbox 970 649 1040 719; x_wconf 90' lang='lat'>188</span> 
     </span>
    </p>
   </div>
   <div class='ocr_carea' id='block_1_2' title="bbox 437 843 1575 2782">
    <p class='ocr_par' dir='ltr' id='par_1_2' title="bbox 437 843 1575 2407">
     <span class='ocr_line' id='line_1_2' title="bbox 438 843 1566 946; baseline 0.004 -29"><span class='ocrx_word' id='word_1_2' title='bbox 438 869 552 917; x_wconf 91' lang='lat' dir='ltr'>unum</span> <span class='ocrx_word' id='word_1_3' title='bbox 575 843 674 917; x_wconf 93' lang='lat' dir='ltr'>enim</span> <span class='ocrx_word' id='word_1_4' title='bbox 704 843 899 942; x_wconf 86' lang='lat' dir='ltr'>Orpheum</span> <span class='ocrx_word' id='word_1_5' title='bbox 926 844 1074 919; x_wconf 87' lang='lat' dir='ltr'>Timaei</span> <span class='ocrx_word' id='word_1_6' title='bbox 1097 846 1214 919; x_wconf 92' lang='lat' dir='ltr'>verba</span> <span class='ocrx_word' id='word_1_7' title='bbox 1236 845 1399 922; x_wconf 84' lang='lat' dir='ltr'>referunt</span> <span class='ocrx_word' id='word_1_8' title='bbox 1422 848 1566 946; x_wconf 89' lang='lat' dir='ltr'>—plu</span> 
     </span>
     <span class='ocr_line' id='line_1_3' title="bbox 437 965 1570 1059; baseline 0.004 -19"><span class='ocrx_word' id='word_1_9' title='bbox 437 965 523 1040; x_wconf 89' lang='lat' dir='ltr'>ralis</span> <span class='ocrx_word' id='word_1_10' title='bbox 548 992 722 1041; x_wconf 91' lang='lat' dir='ltr'>numerus</span> <span class='ocrx_word' id='word_1_11' title='bbox 744 966 977 1059; x_wconf 82' lang='lat' dir='ltr'>adhibeatur,</span> <span class='ocrx_word' id='word_1_12' title='bbox 1003 967 1091 1041; x_wconf 92' lang='lat' dir='ltr'>mihi</span> <span class='ocrx_word' id='word_1_13' title='bbox 1115 966 1247 1042; x_wconf 87' lang='lat' dir='ltr'>saltem</span> <span class='ocrx_word' id='word_1_14' title='bbox 1271 994 1346 1043; x_wconf 94' lang='lat' dir='ltr'>non</span> <span class='ocrx_word' id='word_1_15' title='bbox 1371 987 1427 1045; x_wconf 89' lang='lat' dir='ltr'>est</span> <span class='ocrx_word' id='word_1_16' title='bbox 1441 988 1570 1046; x_wconf 90' lang='lat' dir='ltr'>notus:</span> 
     </span>
     <span class='ocr_line' id='line_1_4' title="bbox 438 1088 1573 1188; baseline 0.006 -27"><span class='ocrx_word' id='word_1_17' title='bbox 438 1088 534 1187; x_wconf 90' lang='lat' dir='ltr'>Rep.</span> <span class='ocrx_word' id='word_1_18' title='bbox 565 1089 599 1161; x_wconf 89' lang='lat' dir='ltr'>II</span> <span class='ocrx_word' id='word_1_19' title='bbox 632 1094 707 1183; x_wconf 87' lang='lat'>364</span> <span class='ocrx_word' id='word_1_20' title='bbox 736 1089 768 1162; x_wconf 89' lang='lat' dir='ltr'>E</span> <span class='ocrx_word' id='word_1_21' title='bbox 803 1116 887 1188; x_wconf 86' lang='lat' dir='ltr'><strong>sqq.</strong></span> <span class='ocrx_word' id='word_1_22' title='bbox 927 1088 1077 1187; x_wconf 85' lang='lat' dir='ltr'>pluralis</span> <span class='ocrx_word' id='word_1_23' title='bbox 1113 1089 1264 1188; x_wconf 91' lang='lat' dir='ltr'>quidem</span> <span class='ocrx_word' id='word_1_24' title='bbox 1301 1092 1468 1185; x_wconf 86' lang='lat' dir='ltr'>occurrit,</span> <span class='ocrx_word' id='word_1_25' title='bbox 1506 1094 1573 1168; x_wconf 91' lang='lat' dir='ltr'>sed</span> 
     </span>
     <span class='ocr_line' id='line_1_5' title="bbox 437 1210 1572 1313; baseline 0.006 -30"><span class='ocrx_word' id='word_1_26' title='bbox 437 1210 486 1284; x_wconf 92' lang='lat' dir='ltr'>ibi</span> <span class='ocrx_word' id='word_1_27' title='bbox 511 1212 559 1284; x_wconf 91' lang='lat' dir='ltr'>de</span> <span class='ocrx_word' id='word_1_28' title='bbox 580 1211 735 1308; x_wconf 83' lang='lat' dir='ltr'>Orpheo</span> <span class='ocrx_word' id='word_1_29' title='bbox 764 1228 811 1286; x_wconf 91' lang='lat' dir='ltr'>et</span> <span class='ocrx_word' id='word_1_30' title='bbox 836 1212 1039 1286; x_wconf 86' lang='lat' dir='ltr'>Musaeo</span> <span class='ocrx_word' id='word_1_31' title='bbox 1063 1238 1185 1286; x_wconf 86' lang='lat' dir='ltr'>sermo</span> <span class='ocrx_word' id='word_1_32' title='bbox 1200 1229 1275 1308; x_wconf 77' lang='lat' dir='ltr'>est3</span> <span class='ocrx_word' id='word_1_33' title='bbox 1291 1214 1429 1313; x_wconf 90' lang='lat' dir='ltr'>Cratyl.</span> <span class='ocrx_word' id='word_1_34' title='bbox 1447 1233 1572 1290; x_wconf 91' lang='lat' dir='ltr'>autem</span> 
     </span>
     <span class='ocr_line' id='line_1_6' title="bbox 439 1334 1574 1437; baseline 0.003 -27"><span class='ocrx_word' id='word_1_35' title='bbox 439 1361 513 1431; x_wconf 88' lang='lat'>402</span> <span class='ocrx_word' id='word_1_36' title='bbox 532 1336 574 1427; x_wconf 84' lang='lat' dir='ltr'>B,</span> <span class='ocrx_word' id='word_1_37' title='bbox 600 1361 711 1433; x_wconf 89' lang='lat' dir='ltr'>quem</span> <span class='ocrx_word' id='word_1_38' title='bbox 733 1334 855 1410; x_wconf 87' lang='lat' dir='ltr'>iocum</span> <span class='ocrx_word' id='word_1_39' title='bbox 871 1336 920 1410; x_wconf 91' lang='lat' dir='ltr'>ad</span> <span class='ocrx_word' id='word_1_40' title='bbox 935 1336 1094 1410; x_wconf 90' lang='lat' dir='ltr'>eandem</span> <span class='ocrx_word' id='word_1_41' title='bbox 1108 1336 1373 1435; x_wconf 84' lang='lat' dir='ltr'>Theogoniam</span> <span class='ocrx_word' id='word_1_42' title='bbox 1387 1338 1574 1437; x_wconf 86' lang='lat' dir='ltr'>pertinere</span> 
     </span>
     <span class='ocr_line' id='line_1_7' title="bbox 437 1458 1574 1558; baseline 0.002 -25"><span class='ocrx_word' id='word_1_43' title='bbox 437 1459 574 1550; x_wconf 85' lang='lat' dir='ltr'>dieunt,</span> <span class='ocrx_word' id='word_1_44' title='bbox 599 1485 748 1556; x_wconf 89' lang='lat' dir='ltr'>prorsus</span> <span class='ocrx_word' id='word_1_45' title='bbox 771 1458 844 1533; x_wconf 89' lang='lat' dir='ltr'>alio</span> <span class='ocrx_word' id='word_1_46' title='bbox 868 1460 983 1534; x_wconf 93' lang='lat' dir='ltr'>modo</span> <span class='ocrx_word' id='word_1_47' title='bbox 1003 1475 1194 1558; x_wconf 86' lang='lat' dir='ltr'>grassatur</span> <span class='ocrx_word' id='word_1_48' title='bbox 1208 1460 1348 1552; x_wconf 68' lang='lat' dir='ltr'>Puro,</span> <span class='ocrx_word' id='word_1_49' title='bbox 1363 1487 1437 1536; x_wconf 93' lang='lat' dir='ltr'>non</span> <span class='ocrx_word' id='word_1_50' title='bbox 1452 1460 1574 1535; x_wconf 90' lang='lat' dir='ltr'>solum</span> 
     </span>
     <span class='ocr_line' id='line_1_8' title="bbox 437 1578 1574 1679; baseline 0.004 -26"><span class='ocrx_word' id='word_1_51' title='bbox 437 1578 613 1679; x_wconf 86' lang='lat' dir='ltr'>singulari</span> <span class='ocrx_word' id='word_1_52' title='bbox 652 1606 806 1654; x_wconf 92' lang='lat' dir='ltr'>numero</span> <span class='ocrx_word' id='word_1_53' title='bbox 844 1607 942 1672; x_wconf 82' lang='lat' dir='ltr'>usus,</span> <span class='ocrx_word' id='word_1_54' title='bbox 972 1580 1040 1655; x_wconf 90' lang='lat' dir='ltr'>sed</span> <span class='ocrx_word' id='word_1_55' title='bbox 1076 1581 1190 1655; x_wconf 91' lang='lat' dir='ltr'>etiam</span> <span class='ocrx_word' id='word_1_56' title='bbox 1227 1582 1378 1657; x_wconf 89' lang='lat' dir='ltr'>nomine</span> <span class='ocrx_word' id='word_1_57' title='bbox 1414 1584 1574 1658; x_wconf 84' lang='lat' dir='ltr'>afferens</span> 
     </span>
     <span class='ocr_line' id='line_1_9' title="bbox 439 1700 1574 1807; baseline 0.003 -30"><span class='ocrx_word' id='word_1_58' title='bbox 439 1703 654 1802; x_wconf 89' lang='lat' dir='ltr'>Orpheum:</span> <span class='ocrx_word' id='word_1_59' title='bbox 684 1703 766 1806; x_wconf 75' lang='grc' dir='ltr'>λέγει</span> <span class='ocrx_word' id='word_1_60' title='bbox 795 1704 836 1781; x_wconf 81' lang='grc' dir='ltr'>δέ</span> <span class='ocrx_word' id='word_1_61' title='bbox 858 1735 918 1782; x_wconf 78' lang='grc' dir='ltr'>που</span> <span class='ocrx_word' id='word_1_62' title='bbox 948 1707 1007 1781; x_wconf 78' lang='grc' dir='ltr'><strong><em>καί</em></strong></span> <span class='ocrx_word' id='word_1_63' title='bbox 1035 1700 1181 1807; x_wconf 75' lang='grc' dir='ltr'><em>Ὀρφεύς,</em></span> <span class='ocrx_word' id='word_1_64' title='bbox 1206 1705 1443 1803; x_wconf 88' lang='lat' dir='ltr'>eandemque</span> <span class='ocrx_word' id='word_1_65' title='bbox 1466 1705 1574 1780; x_wconf 89' lang='lat' dir='ltr'>ratio·</span> 
     </span>
     <span class='ocr_line' id='line_1_10' title="bbox 438 1824 1572 1924; baseline 0.001 -25"><span class='ocrx_word' id='word_1_66' title='bbox 438 1852 524 1900; x_wconf 91' lang='lat' dir='ltr'>nem</span> <span class='ocrx_word' id='word_1_67' title='bbox 566 1824 731 1923; x_wconf 89' lang='lat' dir='ltr'>sequitur</span> <span class='ocrx_word' id='word_1_68' title='bbox 773 1824 912 1899; x_wconf 88' lang='lat' dir='ltr'>Phileb.</span> <span class='ocrx_word' id='word_1_69' title='bbox 954 1831 1003 1899; x_wconf 90' lang='lat'>66</span> <span class='ocrx_word' id='word_1_70' title='bbox 1034 1826 1066 1899; x_wconf 89' lang='lat' dir='ltr'>C</span> <span class='ocrx_word' id='word_1_71' title='bbox 1094 1852 1178 1924; x_wconf 90' lang='lat' dir='ltr'>sqq.</span> <span class='ocrx_word' id='word_1_72' title='bbox 1217 1826 1283 1900; x_wconf 86' lang='lat' dir='ltr'>Ad</span> <span class='ocrx_word' id='word_1_73' title='bbox 1318 1827 1411 1902; x_wconf 91' lang='lat' dir='ltr'>haec</span> <span class='ocrx_word' id='word_1_74' title='bbox 1448 1844 1572 1902; x_wconf 90' lang='lat' dir='ltr'>autem</span> 
     </span>
     <span class='ocr_line' id='line_1_11' title="bbox 438 1946 1573 2047; baseline 0.001 -26"><span class='ocrx_word' id='word_1_75' title='bbox 438 1947 581 2022; x_wconf 91' lang='lat' dir='ltr'>accedit</span> <span class='ocrx_word' id='word_1_76' title='bbox 617 1946 718 2045; x_wconf 93' lang='lat' dir='ltr'>quod</span> <span class='ocrx_word' id='word_1_77' title='bbox 746 1947 794 2021; x_wconf 90' lang='lat' dir='ltr'>de</span> <span class='ocrx_word' id='word_1_78' title='bbox 821 1946 966 2046; x_wconf 89' lang='lat' dir='ltr'>vulgari</span> <span class='ocrx_word' id='word_1_79' title='bbox 996 1974 1039 2022; x_wconf 90' lang='lat' dir='ltr'>ac</span> <span class='ocrx_word' id='word_1_80' title='bbox 1066 1948 1254 2023; x_wconf 90' lang='lat' dir='ltr'>communi</span> <span class='ocrx_word' id='word_1_81' title='bbox 1282 1949 1469 2047; x_wconf 86' lang='lat' dir='ltr'>opinione,</span> <span class='ocrx_word' id='word_1_82' title='bbox 1499 1975 1573 2023; x_wconf 93' lang='lat' dir='ltr'>non</span> 
     </span>
     <span class='ocr_line' id='line_1_12' title="bbox 439 2069 1575 2168; baseline 0 -24"><span class='ocrx_word' id='word_1_83' title='bbox 439 2070 487 2144; x_wconf 91' lang='lat' dir='ltr'>de</span> <span class='ocrx_word' id='word_1_84' title='bbox 523 2071 639 2144; x_wconf 82' lang='lat' dir='ltr'>unius</span> <span class='ocrx_word' id='word_1_85' title='bbox 672 2070 840 2144; x_wconf 90' lang='lat' dir='ltr'>doctrina</span> <span class='ocrx_word' id='word_1_86' title='bbox 875 2069 949 2168; x_wconf 84' lang='lat' dir='ltr'>agi,</span> <span class='ocrx_word' id='word_1_87' title='bbox 986 2070 1077 2145; x_wconf 91' lang='lat' dir='ltr'>satis</span> <span class='ocrx_word' id='word_1_88' title='bbox 1112 2070 1210 2151; x_wconf 84' lang='lat' dir='ltr'>clare</span> <span class='ocrx_word' id='word_1_89' title='bbox 1243 2070 1424 2146; x_wconf 89' lang='lat' dir='ltr'>indicatur</span> <span class='ocrx_word' id='word_1_90' title='bbox 1451 2071 1575 2146; x_wconf 89' lang='lat' dir='ltr'>verbis</span> 
     </span>
     <span class='ocr_line' id='line_1_13' title="bbox 439 2190 1574 2298; baseline 0.004 -32"><span class='ocrx_word' id='word_1_91' title='bbox 439 2218 537 2291; x_wconf 91' lang='lat' dir='ltr'>quae</span> <span class='ocrx_word' id='word_1_92' title='bbox 573 2209 678 2267; x_wconf 92' lang='lat' dir='ltr'>sunt:</span> <span class='ocrx_word' id='word_1_93' title='bbox 717 2195 773 2270; x_wconf 78' lang='grc' dir='ltr'>καὶ</span> <span class='ocrx_word' id='word_1_94' title='bbox 811 2190 927 2285; x_wconf 75' lang='grc' dir='ltr'><strong><em>πάντες</em></strong></span> <span class='ocrx_word' id='word_1_95' title='bbox 963 2193 1057 2287; x_wconf 76' lang='grc' dir='ltr'><strong>ὅσους</strong></span> <span class='ocrx_word' id='word_1_96' title='bbox 1097 2203 1187 2298; x_wconf 84' lang='grc' dir='ltr'>ἴσμεν</span> <span class='ocrx_word' id='word_1_97' title='bbox 1224 2192 1385 2298; x_wconf 68' lang='grc' dir='ltr'>ἀδελφοὺς</span> <span class='ocrx_word' id='word_1_98' title='bbox 1412 2195 1574 2298; x_wconf 75' lang='grc' dir='ltr'>λεγομέ-</span> 
     </span>
     <span class='ocr_line' id='line_1_14' title="bbox 438 2313 678 2407; baseline -0.004 -14"><span class='ocrx_word' id='word_1_99' title='bbox 438 2347 531 2407; x_wconf 84' lang='grc' dir='ltr'><strong>νους</strong></span> <span class='ocrx_word' id='word_1_100' title='bbox 559 2313 678 2393; x_wconf 76' lang='grc' dir='ltr'><strong>αὐτῶν.</strong></span> 
     </span>
    </p>

    <p class='ocr_par' dir='ltr' id='par_1_3' title="bbox 437 2437 1574 2782">
     <span class='ocr_line' id='line_1_15' title="bbox 492 2437 1574 2537; baseline 0.001 -25"><span class='ocrx_word' id='word_1_101' title='bbox 492 2439 629 2513; x_wconf 89' lang='lat' dir='ltr'>Obstat</span> <span class='ocrx_word' id='word_1_102' title='bbox 664 2439 794 2513; x_wconf 76' lang='lat' dir='ltr'>deinde</span> <span class='ocrx_word' id='word_1_103' title='bbox 820 2438 923 2537; x_wconf 93' lang='lat' dir='ltr'>quod</span> <span class='ocrx_word' id='word_1_104' title='bbox 950 2438 987 2511; x_wconf 94' lang='lat' dir='ltr'>in</span> <span class='ocrx_word' id='word_1_105' title='bbox 1015 2437 1116 2513; x_wconf 93' lang='lat' dir='ltr'>omni</span> <span class='ocrx_word' id='word_1_106' title='bbox 1145 2439 1215 2512; x_wconf 91' lang='lat' dir='ltr'>hac</span> <span class='ocrx_word' id='word_1_107' title='bbox 1243 2439 1398 2513; x_wconf 91' lang='lat' dir='ltr'>deorum</span> <span class='ocrx_word' id='word_1_108' title='bbox 1426 2464 1574 2514; x_wconf 91' lang='lat' dir='ltr'>enume-</span> 
     </span>
     <span class='ocr_line' id='line_1_16' title="bbox 437 2558 1572 2659; baseline 0 -25"><span class='ocrx_word' id='word_1_109' title='bbox 437 2559 582 2634; x_wconf 90' lang='lat' dir='ltr'>ratione</span> <span class='ocrx_word' id='word_1_110' title='bbox 615 2559 678 2633; x_wconf 88' lang='lat' dir='ltr'>vix</span> <span class='ocrx_word' id='word_1_111' title='bbox 714 2560 899 2635; x_wconf 89' lang='lat' dir='ltr'>invenitur</span> <span class='ocrx_word' id='word_1_112' title='bbox 926 2558 1002 2635; x_wconf 90' lang='lat' dir='ltr'>ulla</span> <span class='ocrx_word' id='word_1_113' title='bbox 1029 2587 1100 2652; x_wconf 82' lang='lat' dir='ltr'>res,</span> <span class='ocrx_word' id='word_1_114' title='bbox 1130 2586 1227 2659; x_wconf 90' lang='lat' dir='ltr'>quae</span> <span class='ocrx_word' id='word_1_115' title='bbox 1255 2560 1443 2659; x_wconf 91' lang='lat' dir='ltr'>Orphicae</span> <span class='ocrx_word' id='word_1_116' title='bbox 1470 2561 1572 2634; x_wconf 90' lang='lat' dir='ltr'>theo·</span> 
     </span>
     <span class='ocr_line' id='line_1_17' title="bbox 439 2681 1573 2782; baseline -0.001 -25"><span class='ocrx_word' id='word_1_117' title='bbox 439 2682 577 2782; x_wconf 90' lang='lat' dir='ltr'>goniae</span> <span class='ocrx_word' id='word_1_118' title='bbox 600 2681 647 2756; x_wconf 90' lang='lat' dir='ltr'>sit</span> <span class='ocrx_word' id='word_1_119' title='bbox 667 2682 817 2780; x_wconf 91' lang='lat' dir='ltr'>propria</span> <span class='ocrx_word' id='word_1_120' title='bbox 838 2708 962 2780; x_wconf 91' lang='lat' dir='ltr'>quave</span> <span class='ocrx_word' id='word_1_121' title='bbox 977 2684 1025 2758; x_wconf 92' lang='lat' dir='ltr'>ab</span> <span class='ocrx_word' id='word_1_122' title='bbox 1039 2682 1120 2757; x_wconf 91' lang='lat' dir='ltr'>aliis</span> <span class='ocrx_word' id='word_1_123' title='bbox 1133 2683 1345 2782; x_wconf 90' lang='lat' dir='ltr'>theogoniis</span> <span class='ocrx_word' id='word_1_124' title='bbox 1359 2683 1452 2758; x_wconf 87' lang='lat' dir='ltr'>haec</span> <span class='ocrx_word' id='word_1_125' title='bbox 1467 2683 1573 2757; x_wconf 88' lang='lat' dir='ltr'>inter·</span> 
     </span>
    </p>
   </div>
   <div class='ocr_carea' id='block_1_3' title="bbox 439 2805 1573 2906">
    <p class='ocr_par' dir='ltr' id='par_1_4' title="bbox 439 2805 1573 2906">
     <span class='ocr_line' id='line_1_18' title="bbox 439 2805 1573 2906; baseline 0.003 -26"><span class='ocrx_word' id='word_1_126' title='bbox 439 2821 633 2898; x_wconf 82' lang='lat' dir='ltr'>noscatur3</span> <span class='ocrx_word' id='word_1_127' title='bbox 676 2807 779 2904; x_wconf 91' lang='lat' dir='ltr'>quod</span> <span class='ocrx_word' id='word_1_128' title='bbox 820 2806 933 2881; x_wconf 91' lang='lat' dir='ltr'>obicit</span> <span class='ocrx_word' id='word_1_129' title='bbox 972 2807 1131 2900; x_wconf 67' lang='lat' dir='ltr'>Zenona,</span> <span class='ocrx_word' id='word_1_130' title='bbox 1147 2805 1174 2906; x_wconf 84' lang='lat'>¹)</span> <span class='ocrx_word' id='word_1_131' title='bbox 1216 2826 1302 2906; x_wconf 92' lang='lat' dir='ltr'>post</span> <span class='ocrx_word' id='word_1_132' title='bbox 1342 2809 1498 2883; x_wconf 89' lang='lat' dir='ltr'>Terram</span> <span class='ocrx_word' id='word_1_133' title='bbox 1535 2823 1573 2882; x_wconf 90' lang='lat' dir='ltr'>et</span> 
     </span>
    </p>
   </div>
   <div class='ocr_carea' id='block_1_4' title="bbox 366 2974 632 2987">
    <p class='ocr_par' dir='ltr' id='par_1_5' title="bbox 366 2974 632 2987">
     <span class='ocr_line' id='line_1_19' title="bbox 366 2974 632 2987; baseline -0.004 -1"><span class='ocrx_word' id='word_1_134' title='bbox 366 2974 372 2986; x_wconf 65' lang='grc' dir='ltr'><em>υ</em></span> <span class='ocrx_word' id='word_1_135' title='bbox 437 2974 632 2987; x_wconf 62' lang='lat' dir='ltr'>——n-n-</span> 
     </span>
    </p>
   </div>
   <div class='ocr_carea' id='block_1_5' title="bbox 437 3051 1579 4771">
    <p class='ocr_par' dir='ltr' id='par_1_6' title="bbox 439 3051 1574 3292">
     <span class='ocr_line' id='line_1_20' title="bbox 439 3051 1574 3119; baseline -0.001 -14"><span class='ocrx_word' id='word_1_136' title='bbox 439 3054 517 3105; x_wconf 83' lang='lat' dir='ltr'>refert</span> <span class='ocrx_word' id='word_1_137' title='bbox 536 3059 653 3105; x_wconf 84' lang='lat' dir='ltr'>auctores</span> <span class='ocrx_word' id='word_1_138' title='bbox 671 3053 827 3104; x_wconf 84' lang='lat' dir='ltr'>sententiam</span> <span class='ocrx_word' id='word_1_139' title='bbox 845 3059 871 3103; x_wconf 86' lang='lat' dir='ltr'>et</span> <span class='ocrx_word' id='word_1_140' title='bbox 890 3051 986 3118; x_wconf 75' lang='lat' dir='ltr'>plurali</span> <span class='ocrx_word' id='word_1_141' title='bbox 1004 3068 1111 3103; x_wconf 88' lang='lat' dir='ltr'>numero</span> <span class='ocrx_word' id='word_1_142' title='bbox 1130 3053 1210 3103; x_wconf 91' lang='lat' dir='ltr'>utitur</span> <span class='ocrx_word' id='word_1_143' title='bbox 1227 3060 1271 3103; x_wconf 87' lang='lat' dir='ltr'>aut</span> <span class='ocrx_word' id='word_1_144' title='bbox 1289 3054 1376 3103; x_wconf 85' lang='lat' dir='ltr'>verbis</span> <span class='ocrx_word' id='word_1_145' title='bbox 1391 3053 1469 3104; x_wconf 89' lang='lat' dir='ltr'>latius</span> <span class='ocrx_word' id='word_1_146' title='bbox 1483 3061 1574 3119; x_wconf 83' lang='lat' dir='ltr'>paten-</span> 
     </span>
     <span class='ocr_line' id='line_1_21' title="bbox 440 3139 1573 3208; baseline -0.001 -17"><span class='ocrx_word' id='word_1_147' title='bbox 440 3142 522 3208; x_wconf 78' lang='lat' dir='ltr'>tibus3</span> <span class='ocrx_word' id='word_1_148' title='bbox 543 3157 592 3192; x_wconf 90' lang='lat' dir='ltr'>nec</span> <span class='ocrx_word' id='word_1_149' title='bbox 610 3157 665 3191; x_wconf 90' lang='lat' dir='ltr'>non</span> <span class='ocrx_word' id='word_1_150' title='bbox 684 3156 786 3206; x_wconf 82' lang='lat' dir='ltr'>semper</span> <span class='ocrx_word' id='word_1_151' title='bbox 803 3139 896 3190; x_wconf 86' lang='lat' dir='ltr'>iisdem</span> <span class='ocrx_word' id='word_1_152' title='bbox 915 3140 1002 3190; x_wconf 85' lang='lat' dir='ltr'>verbis</span> <span class='ocrx_word' id='word_1_153' title='bbox 1020 3155 1077 3189; x_wconf 84' lang='lat' dir='ltr'>eam</span> <span class='ocrx_word' id='word_1_154' title='bbox 1095 3155 1293 3190; x_wconf 85' lang='lat' dir='ltr'>commemorare</span> <span class='ocrx_word' id='word_1_155' title='bbox 1312 3141 1464 3190; x_wconf 73' lang='lat' dir='ltr'>Pnatottsst</span> <span class='ocrx_word' id='word_1_156' title='bbox 1482 3141 1573 3190; x_wconf 87' lang='lat' dir='ltr'>mirum</span> 
     </span>
     <span class='ocr_line' id='line_1_22' title="bbox 439 3226 1032 3292; baseline -0.002 -15"><span class='ocrx_word' id='word_1_157' title='bbox 439 3229 578 3279; x_wconf 84' lang='lat' dir='ltr'>videbitur.</span> <span class='ocrx_word' id='word_1_158' title='bbox 597 3228 638 3278; x_wconf 77' lang='lat' dir='ltr'>Cf.</span> <span class='ocrx_word' id='word_1_159' title='bbox 658 3228 771 3278; x_wconf 71' lang='lat' dir='ltr'>Smin.</span> <span class='ocrx_word' id='word_1_160' title='bbox 789 3226 823 3277; x_wconf 91' lang='lat' dir='ltr'>ad</span> <span class='ocrx_word' id='word_1_161' title='bbox 841 3227 921 3292; x_wconf 83' lang='lat' dir='ltr'>Gorg.</span> <span class='ocrx_word' id='word_1_162' title='bbox 942 3237 994 3291; x_wconf 79' lang='lat'>510</span> <span class='ocrx_word' id='word_1_163' title='bbox 1003 3227 1032 3276; x_wconf 88' lang='lat' dir='ltr'>B.</span> 
     </span>
    </p>

    <p class='ocr_par' dir='ltr' id='par_1_7' title="bbox 439 3313 1574 3467">
     <span class='ocr_line' id='line_1_23' title="bbox 484 3313 1574 3381; baseline -0.003 -14"><span class='ocrx_word' id='word_1_164' title='bbox 484 3317 580 3381; x_wconf 85' lang='lat' dir='ltr'>Utique</span> <span class='ocrx_word' id='word_1_165' title='bbox 599 3316 632 3365; x_wconf 83' lang='lat' dir='ltr'>iis</span> <span class='ocrx_word' id='word_1_166' title='bbox 651 3331 718 3379; x_wconf 83' lang='lat' dir='ltr'>quac</span> <span class='ocrx_word' id='word_1_167' title='bbox 736 3315 810 3365; x_wconf 82' lang='lat' dir='ltr'>affert</span> <span class='ocrx_word' id='word_1_168' title='bbox 829 3315 934 3363; x_wconf 78' lang='lat' dir='ltr'>Wma</span> <span class='ocrx_word' id='word_1_169' title='bbox 953 3329 1007 3363; x_wconf 91' lang='lat' dir='ltr'>non</span> <span class='ocrx_word' id='word_1_170' title='bbox 1026 3313 1131 3364; x_wconf 79' lang='lat' dir='ltr'>refutari</span> <span class='ocrx_word' id='word_1_171' title='bbox 1149 3313 1213 3364; x_wconf 84' lang='lat' dir='ltr'>mihi</span> <span class='ocrx_word' id='word_1_172' title='bbox 1231 3314 1352 3365; x_wconf 82' lang='lat' dir='ltr'>videntur</span> <span class='ocrx_word' id='word_1_173' title='bbox 1368 3329 1435 3381; x_wconf 84' lang='lat' dir='ltr'>quae</span> <span class='ocrx_word' id='word_1_174' title='bbox 1452 3315 1574 3380; x_wconf 86' lang='lat' dir='ltr'>eiusplu-</span> 
     </span>
     <span class='ocr_line' id='line_1_24' title="bbox 439 3400 1052 3467; baseline -0.003 -15"><span class='ocrx_word' id='word_1_175' title='bbox 439 3402 500 3452; x_wconf 90' lang='lat' dir='ltr'>ralis</span> <span class='ocrx_word' id='word_1_176' title='bbox 518 3402 620 3453; x_wconf 87' lang='lat' dir='ltr'>numeri</span> <span class='ocrx_word' id='word_1_177' title='bbox 638 3401 848 3467; x_wconf 81' lang='lat' dir='ltr'>interpretationi</span> <span class='ocrx_word' id='word_1_178' title='bbox 867 3402 970 3451; x_wconf 89' lang='lat' dir='ltr'>obstare</span> <span class='ocrx_word' id='word_1_179' title='bbox 989 3400 1052 3451; x_wconf 85' lang='lat' dir='ltr'>dixi.</span> 
     </span>
    </p>

    <p class='ocr_par' dir='ltr' id='par_1_8' title="bbox 437 3486 1579 4246">
     <span class='ocr_line' id='line_1_25' title="bbox 486 3486 1572 3556; baseline 0 -17"><span class='ocrx_word' id='word_1_180' title='bbox 486 3486 512 3553; x_wconf 82' lang='lat' dir='ltr'>t)</span> <span class='ocrx_word' id='word_1_181' title='bbox 531 3491 648 3556; x_wconf 72' lang='lat' dir='ltr'>Zama,</span> <span class='ocrx_word' id='word_1_182' title='bbox 666 3489 712 3539; x_wconf 90' lang='lat' dir='ltr'>Ph.</span> <span class='ocrx_word' id='word_1_183' title='bbox 731 3488 758 3539; x_wconf 94' lang='lat' dir='ltr'>d.</span> <span class='ocrx_word' id='word_1_184' title='bbox 777 3489 821 3539; x_wconf 92' lang='lat' dir='ltr'>Gr.</span> <span class='ocrx_word' id='word_1_185' title='bbox 841 3489 854 3537; x_wconf 88' lang='lat'><strong>1</strong></span> <span class='ocrx_word' id='word_1_186' title='bbox 875 3487 910 3553; x_wconf 78' lang='lat'>1⁸,</span> <span class='ocrx_word' id='word_1_187' title='bbox 929 3503 990 3552; x_wconf 84' lang='lat' dir='ltr'>pag.</span> <span class='ocrx_word' id='word_1_188' title='bbox 1010 3486 1044 3550; x_wconf 87' lang='lat'>89</span> <span class='ocrx_word' id='word_1_189' title='bbox 1061 3487 1134 3554; x_wconf 88' lang='lat' dir='ltr'>(adn.</span> <span class='ocrx_word' id='word_1_190' title='bbox 1150 3487 1193 3555; x_wconf 84' lang='lat'>6):</span> <span class='ocrx_word' id='word_1_191' title='bbox 1212 3488 1346 3555; x_wconf 82' lang='lat' dir='ltr'>,dagegen</span> <span class='ocrx_word' id='word_1_192' title='bbox 1362 3489 1396 3539; x_wconf 92' lang='lat' dir='ltr'>ist</span> <span class='ocrx_word' id='word_1_193' title='bbox 1412 3489 1572 3555; x_wconf 74' lang='lat' dir='ltr'>gerudedas,</span> 
     </span>
     <span class='ocr_line' id='line_1_26' title="bbox 440 3572 1575 3641; baseline -0.001 -15"><span class='ocrx_word' id='word_1_194' title='bbox 440 3577 522 3627; x_wconf 86' lang='lat' dir='ltr'>worin</span> <span class='ocrx_word' id='word_1_195' title='bbox 541 3576 612 3626; x_wconf 87' lang='lat' dir='ltr'>diese</span> <span class='ocrx_word' id='word_1_196' title='bbox 632 3575 793 3638; x_wconf 83' lang='lat' dir='ltr'>Genealogie</span> <span class='ocrx_word' id='word_1_197' title='bbox 813 3590 864 3623; x_wconf 85' lang='lat' dir='ltr'>von</span> <span class='ocrx_word' id='word_1_198' title='bbox 884 3573 941 3623; x_wconf 92' lang='lat' dir='ltr'>der</span> <span class='ocrx_word' id='word_1_199' title='bbox 960 3572 1084 3623; x_wconf 87' lang='lat' dir='ltr'>Hesiod&#39;s</span> <span class='ocrx_word' id='word_1_200' title='bbox 1100 3574 1154 3623; x_wconf 89' lang='lat' dir='ltr'>und</span> <span class='ocrx_word' id='word_1_201' title='bbox 1174 3574 1245 3624; x_wconf 82' lang='lat' dir='ltr'>allen</span> <span class='ocrx_word' id='word_1_202' title='bbox 1263 3576 1362 3625; x_wconf 81' lang='lat' dir='ltr'>andern</span> <span class='ocrx_word' id='word_1_203' title='bbox 1378 3575 1517 3641; x_wconf 78' lang='lat' dir='ltr'>abueieht,</span> <span class='ocrx_word' id='word_1_204' title='bbox 1532 3575 1575 3625; x_wconf 90' lang='lat' dir='ltr'>die</span> 
     </span>
     <span class='ocr_line' id='line_1_27' title="bbox 440 3661 1577 3728; baseline -0.003 -14"><span class='ocrx_word' id='word_1_205' title='bbox 440 3664 638 3728; x_wconf 82' lang='lat' dir='ltr'>Einschiebung</span> <span class='ocrx_word' id='word_1_206' title='bbox 652 3678 705 3712; x_wconf 85' lang='lat' dir='ltr'>von</span> <span class='ocrx_word' id='word_1_207' title='bbox 721 3662 844 3712; x_wconf 78' lang='lat' dir='ltr'>Okeanos</span> <span class='ocrx_word' id='word_1_208' title='bbox 860 3661 915 3710; x_wconf 90' lang='lat' dir='ltr'>und</span> <span class='ocrx_word' id='word_1_209' title='bbox 930 3661 1030 3726; x_wconf 85' lang='lat' dir='ltr'>Tethys</span> <span class='ocrx_word' id='word_1_210' title='bbox 1045 3661 1173 3711; x_wconf 83' lang='lat' dir='ltr'>zwischen</span> <span class='ocrx_word' id='word_1_211' title='bbox 1190 3662 1290 3713; x_wconf 83' lang='lat' dir='ltr'>Uranos</span> <span class='ocrx_word' id='word_1_212' title='bbox 1306 3662 1361 3712; x_wconf 89' lang='lat' dir='ltr'>und</span> <span class='ocrx_word' id='word_1_213' title='bbox 1374 3662 1488 3728; x_wconf 77' lang='lat' dir='ltr'>Kronos,</span> <span class='ocrx_word' id='word_1_214' title='bbox 1497 3662 1577 3713; x_wconf 87' lang='lat' dir='ltr'>durch</span> 
     </span>
     <span class='ocr_line' id='line_1_28' title="bbox 440 3742 1578 3812; baseline -0.005 -12"><span class='ocrx_word' id='word_1_215' title='bbox 440 3750 513 3800; x_wconf 88' lang='lat' dir='ltr'>Krat.</span> <span class='ocrx_word' id='word_1_216' title='bbox 531 3751 614 3812; x_wconf 85' lang='lat' dir='ltr'>402B</span> <span class='ocrx_word' id='word_1_217' title='bbox 632 3749 659 3798; x_wconf 88' lang='lat' dir='ltr'>in</span> <span class='ocrx_word' id='word_1_218' title='bbox 681 3748 730 3798; x_wconf 86' lang='lat' dir='ltr'>den</span> <span class='ocrx_word' id='word_1_219' title='bbox 751 3748 865 3797; x_wconf 88' lang='lat' dir='ltr'>Versen:</span> <span class='ocrx_word' id='word_1_220' title='bbox 887 3745 1009 3801; x_wconf 73' lang='grc' dir='ltr'>Ὠκεανὸς</span> <span class='ocrx_word' id='word_1_221' title='bbox 1034 3750 1129 3807; x_wconf 68' lang='grc' dir='ltr'><strong>πρῶτος</strong></span> <span class='ocrx_word' id='word_1_222' title='bbox 1154 3745 1297 3807; x_wconf 61' lang='lat' dir='ltr'>munitiore</span> <span class='ocrx_word' id='word_1_223' title='bbox 1313 3742 1369 3811; x_wconf 67' lang='grc' dir='ltr'>ἦρξε</span> <span class='ocrx_word' id='word_1_224' title='bbox 1385 3746 1489 3808; x_wconf 72' lang='grc' dir='ltr'>γάμοιο,</span> <span class='ocrx_word' id='word_1_225' title='bbox 1506 3744 1531 3803; x_wconf 63' lang='grc' dir='ltr'>ὅς</span> <span class='ocrx_word' id='word_1_226' title='bbox 1549 3745 1578 3807; x_wconf 61' lang='lat' dir='ltr'>{a</span> 
     </span>
     <span class='ocr_line' id='line_1_29' title="bbox 437 3829 1578 3901; baseline 0.005 -21"><span class='ocrx_word' id='word_1_227' title='bbox 437 3832 590 3897; x_wconf 57' lang='grc' dir='ltr'>κασιγνήτην</span> <span class='ocrx_word' id='word_1_228' title='bbox 607 3830 752 3894; x_wconf 66' lang='grc' dir='ltr'><strong><em>ὁμομήτορα</em></strong></span> <span class='ocrx_word' id='word_1_229' title='bbox 768 3830 846 3889; x_wconf 72' lang='grc' dir='ltr'><strong><em>τηθΰν</em></strong></span> <span class='ocrx_word' id='word_1_230' title='bbox 861 3829 947 3880; x_wconf 65' lang='lat' dir='ltr'>tirum</span> <span class='ocrx_word' id='word_1_231' title='bbox 966 3834 1004 3884; x_wconf 84' lang='lat' dir='ltr'>als</span> <span class='ocrx_word' id='word_1_232' title='bbox 1022 3834 1146 3899; x_wconf 86' lang='lat' dir='ltr'>orphiseh</span> <span class='ocrx_word' id='word_1_233' title='bbox 1160 3833 1297 3901; x_wconf 80' lang='lat' dir='ltr'>heneugt”,</span> <span class='ocrx_word' id='word_1_234' title='bbox 1312 3851 1371 3901; x_wconf 88' lang='lat' dir='ltr'>sqq.</span> <span class='ocrx_word' id='word_1_235' title='bbox 1388 3835 1428 3885; x_wconf 82' lang='lat' dir='ltr'>Cf.</span> <span class='ocrx_word' id='word_1_236' title='bbox 1445 3843 1578 3901; x_wconf 84' lang='lat' dir='ltr'>praeterea</span> 
     </span>
     <span class='ocr_line' id='line_1_30' title="bbox 441 3913 1579 3990; baseline -0.003 -16"><span class='ocrx_word' id='word_1_237' title='bbox 441 3924 561 3990; x_wconf 77' lang='lat' dir='ltr'>Ortum,</span> <span class='ocrx_word' id='word_1_238' title='bbox 585 3925 616 3974; x_wconf 90' lang='lat' dir='ltr'>C.</span> <span class='ocrx_word' id='word_1_239' title='bbox 635 3940 660 3973; x_wconf 91' lang='lat' dir='ltr'>u.</span> <span class='ocrx_word' id='word_1_240' title='bbox 680 3922 716 3971; x_wconf 88' lang='grc' dir='ltr'>Μ.</span> <span class='ocrx_word' id='word_1_241' title='bbox 742 3937 802 3987; x_wconf 83' lang='lat' dir='ltr'>pag.</span> <span class='ocrx_word' id='word_1_242' title='bbox 827 3920 894 3984; x_wconf 85' lang='lat'>619:</span> <span class='ocrx_word' id='word_1_243' title='bbox 924 3922 1006 3986; x_wconf 80' lang='lat' dir='ltr'>„Hier</span> <span class='ocrx_word' id='word_1_244' title='bbox 1032 3921 1100 3985; x_wconf 83' lang='lat' dir='ltr'>zeigt</span> <span class='ocrx_word' id='word_1_245' title='bbox 1128 3921 1184 3970; x_wconf 89' lang='lat' dir='ltr'>sich</span> <span class='ocrx_word' id='word_1_246' title='bbox 1209 3921 1252 3970; x_wconf 89' lang='lat' dir='ltr'>die</span> <span class='ocrx_word' id='word_1_247' title='bbox 1277 3913 1448 3972; x_wconf 73' lang='lat' dir='ltr'>thliehkeit</span> <span class='ocrx_word' id='word_1_248' title='bbox 1473 3938 1579 3973; x_wconf 88' lang='lat' dir='ltr'>unsercr</span> 
     </span>
     <span class='ocr_line' id='line_1_31' title="bbox 439 4006 1577 4076; baseline -0.004 -15"><span class='ocrx_word' id='word_1_249' title='bbox 439 4011 593 4076; x_wconf 86' lang='lat' dir='ltr'>Theogonie</span> <span class='ocrx_word' id='word_1_250' title='bbox 619 4010 666 4059; x_wconf 85' lang='lat' dir='ltr'>mit</span> <span class='ocrx_word' id='word_1_251' title='bbox 694 4008 740 4058; x_wconf 91' lang='lat' dir='ltr'>der</span> <span class='ocrx_word' id='word_1_252' title='bbox 763 4008 922 4073; x_wconf 86' lang='lat' dir='ltr'>orphischen</span> <span class='ocrx_word' id='word_1_253' title='bbox 948 4006 993 4057; x_wconf 88' lang='lat' dir='ltr'>des</span> <span class='ocrx_word' id='word_1_254' title='bbox 1017 4007 1091 4056; x_wconf 83' lang='lat' dir='ltr'>Plato</span> <span class='ocrx_word' id='word_1_255' title='bbox 1115 4007 1187 4057; x_wconf 84' lang='lat' dir='ltr'>recht</span> <span class='ocrx_word' id='word_1_256' title='bbox 1211 4006 1342 4057; x_wconf 88' lang='lat' dir='ltr'>deutlich:</span> <span class='ocrx_word' id='word_1_257' title='bbox 1367 4008 1395 4057; x_wconf 88' lang='lat' dir='ltr'>in</span> <span class='ocrx_word' id='word_1_258' title='bbox 1414 4008 1459 4059; x_wconf 89' lang='lat' dir='ltr'>der</span> <span class='ocrx_word' id='word_1_259' title='bbox 1478 4023 1577 4074; x_wconf 82' lang='lat' dir='ltr'>ganzen</span> 
     </span>
     <span class='ocr_line' id='line_1_32' title="bbox 439 4092 1577 4163; baseline -0.003 -16"><span class='ocrx_word' id='word_1_260' title='bbox 439 4096 618 4163; x_wconf 81' lang='lat' dir='ltr'>griechischen</span> <span class='ocrx_word' id='word_1_261' title='bbox 639 4095 779 4145; x_wconf 83' lang='lat' dir='ltr'>Litteratur</span> <span class='ocrx_word' id='word_1_262' title='bbox 797 4093 901 4144; x_wconf 82' lang='lat' dir='ltr'>werden</span> <span class='ocrx_word' id='word_1_263' title='bbox 920 4109 970 4142; x_wconf 88' lang='lat' dir='ltr'>nur</span> <span class='ocrx_word' id='word_1_264' title='bbox 988 4092 1056 4142; x_wconf 89' lang='lat' dir='ltr'>noch</span> <span class='ocrx_word' id='word_1_265' title='bbox 1071 4093 1098 4142; x_wconf 92' lang='lat' dir='ltr'>in</span> <span class='ocrx_word' id='word_1_266' title='bbox 1114 4092 1200 4142; x_wconf 87' lang='lat' dir='ltr'>dieser</span> <span class='ocrx_word' id='word_1_267' title='bbox 1215 4093 1321 4143; x_wconf 88' lang='lat' dir='ltr'>Kronos</span> <span class='ocrx_word' id='word_1_268' title='bbox 1336 4093 1391 4144; x_wconf 89' lang='lat' dir='ltr'>und</span> <span class='ocrx_word' id='word_1_269' title='bbox 1405 4093 1448 4144; x_wconf 88' lang='lat' dir='ltr'>die</span> <span class='ocrx_word' id='word_1_270' title='bbox 1464 4094 1577 4144; x_wconf 80' lang='lat' dir='ltr'>Titenen</span> 
     </span>
     <span class='ocr_line' id='line_1_33' title="bbox 439 4178 979 4246; baseline -0.009 -11"><span class='ocrx_word' id='word_1_271' title='bbox 439 4201 469 4235; x_wconf 85' lang='lat' dir='ltr'>zu</span> <span class='ocrx_word' id='word_1_272' title='bbox 489 4184 609 4234; x_wconf 88' lang='lat' dir='ltr'>Kindern</span> <span class='ocrx_word' id='word_1_273' title='bbox 627 4182 673 4232; x_wconf 89' lang='lat' dir='ltr'>des</span> <span class='ocrx_word' id='word_1_274' title='bbox 693 4181 816 4232; x_wconf 81' lang='lat' dir='ltr'>Okeanos</span> <span class='ocrx_word' id='word_1_275' title='bbox 834 4178 979 4246; x_wconf 84' lang='lat' dir='ltr'>gemacht.&#39;&#39;</span> 
     </span>
    </p>

    <p class='ocr_par' dir='ltr' id='par_1_9' title="bbox 439 4267 1577 4685">
     <span class='ocr_line' id='line_1_34' title="bbox 483 4267 1577 4335; baseline -0.005 -13"><span class='ocrx_word' id='word_1_276' title='bbox 483 4272 557 4322; x_wconf 81' lang='lat' dir='ltr'>Haec</span> <span class='ocrx_word' id='word_1_277' title='bbox 581 4279 668 4320; x_wconf 84' lang='lat' dir='ltr'>autem</span> <span class='ocrx_word' id='word_1_278' title='bbox 686 4269 829 4335; x_wconf 82' lang='lat' dir='ltr'>posteriora</span> <span class='ocrx_word' id='word_1_279' title='bbox 848 4283 915 4333; x_wconf 84' lang='lat' dir='ltr'>quae</span> <span class='ocrx_word' id='word_1_280' title='bbox 934 4267 1007 4318; x_wconf 81' lang='lat' dir='ltr'>affert</span> <span class='ocrx_word' id='word_1_281' title='bbox 1027 4267 1164 4317; x_wconf 72' lang='lat' dir='ltr'>Guurrtus</span> <span class='ocrx_word' id='word_1_282' title='bbox 1182 4267 1271 4331; x_wconf 87' lang='lat' dir='ltr'>specie</span> <span class='ocrx_word' id='word_1_283' title='bbox 1292 4273 1393 4317; x_wconf 88' lang='lat' dir='ltr'>tanturn</span> <span class='ocrx_word' id='word_1_284' title='bbox 1411 4284 1427 4317; x_wconf 84' lang='lat' dir='ltr'>a</span> <span class='ocrx_word' id='word_1_285' title='bbox 1443 4283 1501 4317; x_wconf 86' lang='lat' dir='ltr'>mea</span> <span class='ocrx_word' id='word_1_286' title='bbox 1520 4283 1577 4318; x_wconf 90' lang='lat' dir='ltr'>sen-</span> 
     </span>
     <span class='ocr_line' id='line_1_35' title="bbox 440 4353 1575 4424; baseline -0.005 -14"><span class='ocrx_word' id='word_1_287' title='bbox 440 4360 521 4410; x_wconf 77' lang='lat' dir='ltr'>tentia</span> <span class='ocrx_word' id='word_1_288' title='bbox 538 4357 584 4424; x_wconf 95' lang='lat' dir='ltr'>(de</span> <span class='ocrx_word' id='word_1_289' title='bbox 603 4373 655 4423; x_wconf 87' lang='lat' dir='ltr'>qua</span> <span class='ocrx_word' id='word_1_290' title='bbox 676 4356 736 4406; x_wconf 81' lang='lat' dir='ltr'>vide</span> <span class='ocrx_word' id='word_1_291' title='bbox 755 4355 845 4423; x_wconf 88' lang='lat' dir='ltr'>supra)</span> <span class='ocrx_word' id='word_1_292' title='bbox 863 4355 1013 4419; x_wconf 80' lang='lat' dir='ltr'>abhorrent,</span> <span class='ocrx_word' id='word_1_293' title='bbox 1032 4369 1122 4418; x_wconf 81' lang='lat' dir='ltr'>reapse</span> <span class='ocrx_word' id='word_1_294' title='bbox 1141 4353 1249 4402; x_wconf 89' lang='lat' dir='ltr'>omnino</span> <span class='ocrx_word' id='word_1_295' title='bbox 1268 4370 1321 4403; x_wconf 91' lang='lat' dir='ltr'>non</span> <span class='ocrx_word' id='word_1_296' title='bbox 1341 4355 1453 4404; x_wconf 81' lang='lat' dir='ltr'>obstant.</span> <span class='ocrx_word' id='word_1_297' title='bbox 1473 4355 1575 4419; x_wconf 86' lang='lat' dir='ltr'>Nempe</span> 
     </span>
     <span class='ocr_line' id='line_1_36' title="bbox 439 4440 1576 4512; baseline -0.003 -18"><span class='ocrx_word' id='word_1_298' title='bbox 439 4444 512 4512; x_wconf 90' lang='lat' dir='ltr'>quod</span> <span class='ocrx_word' id='word_1_299' title='bbox 529 4445 638 4494; x_wconf 70' lang='lat' dir='ltr'>Zattara</span> <span class='ocrx_word' id='word_1_300' title='bbox 657 4443 733 4492; x_wconf 88' lang='lat' dir='ltr'>unius</span> <span class='ocrx_word' id='word_1_301' title='bbox 752 4442 884 4508; x_wconf 86' lang='lat' dir='ltr'>Orphicae</span> <span class='ocrx_word' id='word_1_302' title='bbox 903 4440 1060 4506; x_wconf 81' lang='lat' dir='ltr'>theogoniae</span> <span class='ocrx_word' id='word_1_303' title='bbox 1078 4441 1213 4505; x_wconf 87' lang='lat' dir='ltr'>proprium</span> <span class='ocrx_word' id='word_1_304' title='bbox 1230 4455 1287 4490; x_wconf 84' lang='lat' dir='ltr'>esse</span> <span class='ocrx_word' id='word_1_305' title='bbox 1303 4440 1576 4491; x_wconf 85' lang='lat' dir='ltr'>dixerat-Kronum</span> 
     </span>
     <span class='ocr_line' id='line_1_37' title="bbox 440 4527 1576 4596; baseline -0.004 -14"><span class='ocrx_word' id='word_1_306' title='bbox 440 4532 600 4596; x_wconf 90' lang='lat' dir='ltr'>Titanesque</span> <span class='ocrx_word' id='word_1_307' title='bbox 625 4529 725 4580; x_wconf 84' lang='lat' dir='ltr'>Oceani</span> <span class='ocrx_word' id='word_1_308' title='bbox 743 4529 811 4579; x_wconf 84' lang='lat' dir='ltr'>tilios</span> <span class='ocrx_word' id='word_1_309' title='bbox 828 4528 908 4578; x_wconf 80' lang='lat' dir='ltr'>fuisse</span> <span class='ocrx_word' id='word_1_310' title='bbox 926 4556 973 4592; x_wconf 80' lang='lat'>-,</span> <span class='ocrx_word' id='word_1_311' title='bbox 990 4542 1047 4577; x_wconf 84' lang='lat' dir='ltr'>eam</span> <span class='ocrx_word' id='word_1_312' title='bbox 1065 4527 1150 4591; x_wconf 83' lang='lat' dir='ltr'>ipsam</span> <span class='ocrx_word' id='word_1_313' title='bbox 1170 4527 1220 4576; x_wconf 86' lang='lat' dir='ltr'>iam</span> <span class='ocrx_word' id='word_1_314' title='bbox 1239 4527 1319 4578; x_wconf 85' lang='lat' dir='ltr'>fuisse</span> <span class='ocrx_word' id='word_1_315' title='bbox 1336 4529 1493 4578; x_wconf 85' lang='lat' dir='ltr'>sententiam</span> <span class='ocrx_word' id='word_1_316' title='bbox 1511 4528 1576 4593; x_wconf 86' lang='lat' dir='ltr'>eius,</span> 
     </span>
     <span class='ocr_line' id='line_1_38' title="bbox 441 4613 1447 4685; baseline -0.004 -17"><span class='ocrx_word' id='word_1_317' title='bbox 441 4618 488 4685; x_wconf 89' lang='lat' dir='ltr'>qui</span> <span class='ocrx_word' id='word_1_318' title='bbox 506 4618 595 4668; x_wconf 84' lang='lat' dir='ltr'>Iliadis</span> <span class='ocrx_word' id='word_1_319' title='bbox 613 4617 674 4666; x_wconf 88' lang='lat' dir='ltr'>libri</span> <span class='ocrx_word' id='word_1_320' title='bbox 694 4616 758 4665; x_wconf 86' lang='lat' dir='ltr'>XIV</span> <span class='ocrx_word' id='word_1_321' title='bbox 776 4631 827 4666; x_wconf 79' lang='lat' dir='ltr'>vss.</span> <span class='ocrx_word' id='word_1_322' title='bbox 849 4623 988 4680; x_wconf 80' lang='lat'>152—352</span> <span class='ocrx_word' id='word_1_323' title='bbox 1007 4613 1078 4679; x_wconf 83' lang='lat' dir='ltr'>fecit,</span> <span class='ocrx_word' id='word_1_324' title='bbox 1097 4613 1232 4663; x_wconf 73' lang='lat' dir='ltr'>Grturrms</span> <span class='ocrx_word' id='word_1_325' title='bbox 1250 4615 1304 4664; x_wconf 88' lang='lat' dir='ltr'>o.l.</span> <span class='ocrx_word' id='word_1_326' title='bbox 1322 4615 1447 4666; x_wconf 90' lang='lat' dir='ltr'>ostendit.</span> 
     </span>
    </p>

    <p class='ocr_par' dir='ltr' id='par_1_10' title="bbox 485 4701 1577 4771">
     <span class='ocr_line' id='line_1_39' title="bbox 485 4701 1577 4771; baseline -0.005 -16"><span class='ocrx_word' id='word_1_327' title='bbox 485 4705 608 4771; x_wconf 87' lang='lat' dir='ltr'>Denique</span> <span class='ocrx_word' id='word_1_328' title='bbox 628 4704 700 4755; x_wconf 83' lang='lat' dir='ltr'>aliud</span> <span class='ocrx_word' id='word_1_329' title='bbox 715 4704 854 4754; x_wconf 87' lang='lat' dir='ltr'>discrimen</span> <span class='ocrx_word' id='word_1_330' title='bbox 873 4702 947 4752; x_wconf 88' lang='lat' dir='ltr'>addit</span> <span class='ocrx_word' id='word_1_331' title='bbox 966 4701 1105 4751; x_wconf 73' lang='lat' dir='ltr'>Susuumt</span> <span class='ocrx_word' id='word_1_332' title='bbox 1125 4701 1177 4750; x_wconf 90' lang='lat' dir='ltr'>o.l.</span> <span class='ocrx_word' id='word_1_333' title='bbox 1194 4716 1254 4766; x_wconf 81' lang='lat' dir='ltr'>pag.</span> <span class='ocrx_word' id='word_1_334' title='bbox 1270 4702 1329 4768; x_wconf 80' lang='lat' dir='ltr'>XX,</span> <span class='ocrx_word' id='word_1_335' title='bbox 1344 4702 1406 4753; x_wconf 81' lang='lat' dir='ltr'>edu.</span> <span class='ocrx_word' id='word_1_336' title='bbox 1425 4713 1490 4766; x_wconf 83' lang='lat'>139:</span> <span class='ocrx_word' id='word_1_337' title='bbox 1507 4701 1577 4767; x_wconf 80' lang='lat' dir='ltr'>„Cur</span> 
     </span>
    </p>
   </div>
   <div class='ocr_carea' id='block_1_6' title="bbox 0 0 1869 5575">
    <p class='ocr_par' dir='ltr' id='par_1_11' title="bbox 0 0 1869 5575">
     <span class='ocr_line' id='line_1_40' title="bbox 0 0 1869 5575; baseline 0 0"><span class='ocrx_word' id='word_1_338' title='bbox 0 0 1869 5575; x_wconf 95' lang='lat' dir='ltr'> </span> 
     </span>
    </p>
   </div>
  </div>
 </body>
</html>
