3717 5575
945 639 993 732 78

401 835 503 927 sisse,
514 831 541 933 1)
564 860 770 932 eorumque
793 834 981 909 doctrinas
995 861 1080 909 cum
1101 834 1429 935 Orphicorum
1448 837 1539 912 doc-

401 959 503 1033 trinis
527 959 640 1032 artius
657 983 772 1055 saepe
786 958 1000 1051 cohaerere,
1016 973 1055 1032 et
1069 959 1229 1033 maxime
1245 960 1454 1034 parronam
1468 960 1538 1033 im-

400 1081 526 1179 primis
553 1081 589 1155 in
618 1080 754 1178 mythis
777 1082 863 1172 suis,
888 1082 1020 1155 harum
1045 1082 1296 1156 doctrinarum
1319 1083 1537 1180 saepissime

401 1229 606 1278 memorem
629 1229 731 1277 esse:
762 1203 997 1302 „Uebrigens
1020 1203 1129 1303 spielt
1147 1206 1183 1279 in
1208 1206 1269 1280 die
1285 1205 1441 1304 Mythen
1458 1203 1537 1279 Pla·

400 1342 497 1419 tons,
522 1324 747 1400 namentlich
768 1351 811 1399 so
830 1326 915 1400 weit
929 1327 983 1401 sie
998 1327 1058 1401 die
1073 1325 1321 1402 menschliche
1336 1326 1447 1403 Seele
1460 1329 1537 1402 und

400 1451 515 1524 deren
543 1447 759 1522 Schicksale
781 1448 975 1542 betreiien,
999 1448 1205 1524 ersichtlich
1229 1450 1289 1525 die
1313 1449 1535 1548 dionysisch·

400 1571 598 1670 orphische
640 1568 813 1668 Religion
850 1572 918 1645 mit
954 1572 1051 1645 ihrer
1088 1570 1298 1647 Sehnsucht
1335 1573 1431 1647 nach
1468 1573 1535 1646 der

400 1696 545 1793 ewigen
563 1693 755 1784 Heimath,
771 1693 867 1767 nach
882 1694 949 1768 der
963 1692 1152 1794 Erlosung
1166 1720 1234 1769 aus
1248 1696 1336 1769 dem
1351 1695 1533 1770 irdischen

401 1816 630 1915 Gesangniss
649 1816 717 1889 des
731 1815 879 1908 Leibes,
894 1816 1056 1891 hinein.‘'
1069 1813 1096 1915 ⁹)
1111 1818 1298 1913 Quotiens
1313 1818 1441 1892 Prnro
1461 1817 1536 1892 Or·

400 1940 641 2038 phicorum
665 1937 777 2011 iaciat
800 1939 1028 2014 mentionem
1051 1941 1260 2039 quibusque
1281 1939 1382 2034 locis,
1400 1941 1537 2039 quidve

400 2063 448 2137 de
476 2063 518 2137 iis
546 2063 693 2154 iudicet,
722 2062 938 2137 examinare
964 2089 1040 2138 non
1068 2080 1126 2138 est
1153 2065 1262 2138 huius
1289 2065 1440 2164 capitis:
1464 2064 1537 2137 hoc

399 2211 492 2260 vero
524 2201 609 2277 stet,
640 2186 850 2259 Pmromn
879 2186 1128 2286 Orphicos
1150 2188 1194 2260 in
1219 2186 1535 2285 philosopho·

401 2335 496 2383 rum
523 2335 712 2384 numero
741 2308 979 2402 habuisse,
1008 2334 1090 2385 nec
1113 2310 1334 2385 habuisse
1356 2309 1533 2384 iniuria.

457 2537 572 2612 Hisce
596 2539 770 2613 omnibus
793 2540 930 2614 obiciat
954 2539 1151 2637 quispiam,
1166 2539 1353 2637 antiquos,
1370 2539 1432 2637 qui
1447 2553 1536 2612 ante

402 2658 648 2735 Aristotelem
685 2662 842 2753 suerunt,
881 2659 1127 2759 philosophos
1158 2662 1311 2735 omnino
1339 2661 1536 2736 inimicissi-

402 2809 485 2858 mos
514 2782 626 2857 fuisse
654 2781 910 2882 mythologiae
938 2809 1100 2883 suasque
1129 2784 1317 2859 doctrinas
1344 2782 1458 2882 plane
1485 2783 1533 2858 ab

402 2903 464 2979 illa
501 2906 704 2980 abhorrere
731 2921 894 3002 putasse.
925 2906 1041 3000 Quod
1068 2932 1199 2981 verum
1228 2907 1379 3006 quidem
1407 2921 1477 2998 est,
1506 2907 1535 2979 si

398 3027 447 3101 de
474 3028 636 3126 ιιιιίζανὶ
659 3028 790 3101 dicitur
813 3026 1056 3127 mythologia.
1083 3027 1143 3103 Sic
1170 3029 1380 3103 Homerum
1404 3028 1533 3104 verbe·

399 3149 500 3223 ribus
531 3150 686 3248 dignum
714 3150 934 3225 iudicavisse
961 3151 1092 3226 dicitur
1123 3148 1456 3249 Heraclitus;³)
1483 3151 1535 3225 sic

400 3271 660 3346 Xnnorunmss
690 3273 900 3349 Homerum
923 3289 962 3348 et
988 3274 1197 3349 Hesiodum
1221 3274 1448 3373 vituperavit
1462 3273 1534 3347 hoc

401 3396 537 3470 modo:

522 3547 637 3627 Πάντα
664 3555 744 3642 θεοῖς
772 3549 936 3639 ἀνέθηκαν
960 3546 1108 3655 Ὀμηρός
1136 3551 1165 3629 θ’
1194 3549 1341 3644 Ἠσίοδός
1367 3584 1400 3630 τε

520 3671 603 3750 ἔσσα
630 3668 705 3776 παρ’
732 3669 940 3776 ἀνθρώποισιν
968 3674 1092 3749 ὀνείδεα
1119 3680 1175 3750 καὶ
1202 3672 1302 3778 ψόγος
1330 3674 1436 3750 ἐστίν·

521 3794 664 3871 κλέπτειν
690 3788 852 3896 μοιχεύειν
881 3825 913 3871 τε
943 3796 1000 3872 καὶ
1029 3792 1197 3886 ἀλλήλους
1221 3788 1402 3872 cinomiam.
1416 3793 1444 3891 4)

400 3963 461 4038 Sic
489 3961 651 4058 denique
678 3960 758 4057 ipse
782 3959 909 4034 Patro
933 3986 955 4033 e
978 3960 1129 4036 civitate
1152 3987 1231 4053 sua,
1257 3986 1371 4059 quam
1385 3961 1454 4035 sibi
1470 3961 1534 4036 fin·

400 4115 596 4129 ——1-

448 4180 474 4247 ι)
493 4179 534 4229 Cf.
552 4178 665 4227 Gnum
684 4172 736 4223 o.l.
753 4190 813 4240 pag.
829 4187 877 4224 20:
894 4175 962 4239 „Die
972 4175 1051 4226 'altere
1061 4175 1221 4243 griechische
1231 4175 1534 4241 Philosophieentnahm

400 4266 477 4316 einen
496 4264 555 4315 Teil
573 4263 643 4313 ihrer
660 4260 778 4311 Termini
793 4261 991 4312 unbedenklich
1006 4263 1066 4313 dem
1080 4260 1534 4330 Mythos;”SrAt1,u.¹(KRoscrsut)

400 4352 434 4402 ad
451 4352 555 4416 Protag.
575 4362 627 4413 320
637 4349 667 4399 C.
1005 4337 1008 4343 ’

446 4438 475 4505 2)
494 4435 774 4489 Uarenum-Harma
792 4450 817 4484 ο.
826 4433 845 4483 1.
865 4450 925 4499 pag.
948 4449 1006 4500 ¹9²·

445 4522 474 4591 3)
492 4525 596 4573 LAERT.
615 4521 699 4569 Dloo.
717 4519 765 4585 m,
787 4532 814 4569 1:
839 4520 882 4567 τόν
900 4518 920 4566 θ’
938 4518 1048 4581 ’Όμηρον
1063 4516 1172 4582 ’ἔφασκεν
1189 4516 1257 4584 ἄξιον
1275 4516 1303 4569 ir
1317 4524 1366 4568 τῆν
1380 4517 1480 4583 ἀγώνοιν
1495 4516 1535 4570 ἰκ-

399 4607 538 4671 Manciae
562 4605 605 4656 καὶ
622 4602 778 4669 ῥαπίζεσθαι.
796 4605 836 4656 Cf.
855 4608 950 4676 Durus,
967 4611 1019 4660 Die
1039 4611 1140 4676 Fragm.
1159 4609 1184 4659 d.
1204 4610 1280 4658 Vors.
1299 4624 1359 4674 pag.
1380 4620 1420 4673 73.
1441 4610 1472 4660 ir.
1489 4624 1532 4673 42·

444 4698 474 4766 4)
492 4713 535 4764 ap.
554 4697 635 4747 Sunt.
654 4693 712 4743 adv.
731 4692 815 4742 Math.
834 4693 881 4760 lx,
903 4708 961 4759 193.
981 4696 1125 4747 Cs.D1m.s
1142 4696 1195 4747 o.l.
1215 4712 1275 4761 pag.
1296 4706 1337 4760 53.
1356 4695 1387 4747 fr.
1411 4710 1452 4746 ιι.
