3717 5575
977 672 1026 743 30

435 847 615 938 conlecta,
645 872 719 920 non
748 871 824 945 quo
852 846 1077 919 docerentur
1104 846 1285 938 homines,
1314 847 1381 920 sed
1405 862 1445 921 ut
1468 846 1567 921 salle·

433 985 571 1061 rentur,
587 994 662 1044 non
673 994 748 1067 quo
758 968 894 1043 veritas
904 967 1121 1066 aperiretur,
1132 970 1199 1042 sed
1209 983 1250 1042 ut
1259 967 1451 1060 celaretur,
1464 971 1566 1067 quod

434 1093 533 1167 idem
558 1089 675 1165 multo
699 1089 828 1163 melius
851 1090 1013 1163 tacendo
1038 1089 1115 1163 fieri
1139 1105 1324 1188 potuerat,
1348 1091 1566 1188 praesertim

435 1241 518 1289 cum
551 1213 603 1288 ita
639 1238 771 1311 parum
800 1227 945 1286 curaret
973 1212 1099 1285 Pharo
1128 1211 1410 1304 multitudinem,
1439 1213 1568 1287 credat

435 1338 595 1411 Iudaeus
610 1333 765 1432 Apella,
781 1334 869 1407 mihi
883 1334 1029 1407 videtur
1043 1358 1091 1408 ne
1104 1335 1259 1433 cogitari
1274 1335 1425 1432 quidem
1440 1361 1562 1433 posse.

488 1455 537 1552 4⁰.
567 1457 672 1556 Ipsis,
695 1456 757 1556 qui
781 1455 905 1530 traditi
923 1471 1021 1546 sunt,
1038 1456 1226 1531 Pnnrorns
1240 1456 1400 1556 dialogis
1414 1457 1565 1532 omnino

433 1606 508 1655 non
544 1580 694 1654 indicari
729 1577 806 1653 tale
837 1577 1045 1684 discrimen,
1075 1595 1366 1654 consentaneum
1394 1595 1464 1670 est,
1494 1604 1563 1653 nec

433 1704 505 1778 hac
531 1728 571 1777 re
598 1702 679 1800 ipsa
706 1726 774 1799 per
801 1727 843 1775 se
870 1725 945 1774 non
969 1701 1133 1776 extitisse
1156 1700 1256 1792 illud,
1272 1702 1559 1775 demonstratur.

436 1826 522 1900 Hoc
566 1849 658 1899 vero
695 1824 813 1898 isdem
851 1821 920 1897 illis
957 1822 1116 1921 dialogis
1152 1822 1226 1897 alio
1264 1824 1378 1898 modo
1417 1823 1566 1922 probari

434 1947 522 2020 mihi
549 1947 706 2021 videtur.
738 1945 826 2020 Non
856 1944 977 2019 solum
1002 1961 1083 2020 tota
1106 1946 1251 2020 dicendi
1275 1947 1381 2036 ratio,
1407 1972 1506 2044 quae
1528 1947 1565 2020 in

435 2069 600 2144 Platonis
615 2068 789 2167 operibus
804 2069 1000 2160 invenitur,
1016 2092 1063 2142 ea
1077 2083 1145 2160 est,
1162 2094 1260 2167 quae
1275 2069 1324 2142 ad
1338 2069 1567 2144 inducendos

432 2192 604 2267 homines
642 2192 792 2266 minime
829 2192 876 2266 sit
909 2191 1065 2283 idonea,
1095 2216 1170 2265 non
1200 2190 1321 2265 solum
1349 2192 1565 2290 saepissime

434 2338 574 2412 magna
610 2314 890 2412 contemptione
926 2329 1268 2388 commemorantur
1304 2318 1334 2391 οἱ
1367 2320 1493 2404 πολλοί,
1528 2328 1566 2387 et

433 2461 563 2511 eorum
590 2438 676 2531 δόξα
698 2462 813 2511 verae
837 2439 997 2547 ἐπιστήμῃ
1022 2437 1243 2536 opponitur,
1269 2461 1343 2510 non
1367 2435 1488 2510 solum
1503 2437 1565 2534 qui

433 2583 579 2632 summa
617 2560 719 2656 apud
753 2557 1026 2633 multitudinem
1053 2559 1176 2657 gratia
1203 2573 1318 2656 atque
1346 2559 1567 2633 auctoritate

436 2679 633 2773 florebant,
650 2680 858 2779 Sophistas,
873 2706 941 2779 per
955 2706 1086 2755 omnes
1100 2680 1264 2754 Platonis
1278 2678 1451 2778 dialogos
1465 2679 1566 2755 lusos

435 2803 605 2876 videmus
633 2829 656 2877 a
681 2803 872 2897 Socmm,
897 2829 972 2878 non
996 2803 1116 2878 solum
1131 2803 1292 2900 denique
1307 2802 1565 2902 philosophiae

435 2924 514 2998 eius
550 2950 696 3000 summa
733 2952 756 3000 a
792 2926 894 3025 vulgi
930 2926 1191 3024 cupiditatibus
1226 2950 1270 2998 ac
1298 2926 1427 2999 studiis
1455 2925 1566 3024 plane

436 3046 682 3123 abhorrebat:
712 3049 862 3124 maioris
890 3049 947 3122 his
974 3048 1146 3123 omnibus
1171 3063 1228 3122 est
1253 3047 1443 3137 momenti,
1463 3048 1565 3146 quod

437 3170 626 3244 Pmroms
654 3197 770 3270 opera
798 3170 980 3270 legentes,
1009 3171 1060 3245 sic
1087 3170 1290 3261 adficimur,
1320 3186 1360 3245 ut
1382 3168 1566 3245 effluxisse

436 3317 483 3367 ea
510 3317 557 3366 ex
584 3294 697 3392 ipsius
725 3312 851 3369 mente
880 3310 995 3391 atque
1022 3292 1146 3367 indole
1173 3292 1436 3367 existimemus.
1467 3291 1563 3365 Cum

436 3459 488 3471 —
516 3430 556 3488 ut
583 3415 738 3490 afferam
767 3415 979 3514 exemplum
1008 3460 1059 3470 -
1088 3416 1123 3488 in
1152 3415 1356 3488 Phaedone
1380 3439 1478 3487 mors
1502 3413 1564 3487 de·

437 3537 585 3611 cribitur
607 3536 803 3630 Socnnm,
825 3564 1092 3635 sermonesque
1113 3553 1201 3612 tunc
1216 3536 1331 3610 habiti
1345 3536 1440 3611 tales
1455 3537 1565 3612 suisse

437 3659 617 3750 dicuntur,
662 3659 792 3758 quales
832 3664 864 3738 ἐν
904 3668 1072 3765 φιλοσοφίᾳ
1116 3660 1350 3734 versantibus
1391 3659 1566 3733 Socnnrn

438 3781 591 3879 eiusque
619 3782 803 3880 discipulis
830 3783 959 3858 haberi
982 3782 1156 3873 solerent,
1167 3778 1194 3879 ¹)
1218 3782 1352 3856 deinde
1375 3807 1467 3856 vero
1486 3806 1565 3855 nar-

438 3919 566 3978 rantur
605 3905 641 3978 hi
678 3931 882 3999 sermones,
920 3907 1081 3980 indicare
1117 3905 1264 3980 videtur
1301 3904 1388 3976 mihi
1425 3905 1565 3995 Prmo,

440 4052 514 4103 non
551 4026 671 4101 solum
709 4028 927 4121 SoanTnM,
963 4055 1094 4103 verum
1122 4028 1234 4103 etiam
1261 4041 1382 4101 semet
1408 4025 1529 4124 ipsum
1539 4022 1567 4124 ⁹)

485 4284 512 4354 1)
530 4287 662 4338 Phaedon.
681 4296 714 4352 59
725 4288 764 4338 A:
780 4286 909 4354 (Pnnzno
925 4288 1053 4356 loquitur)
1066 4289 1107 4340 διὰ
1121 4288 1151 4348 δῆ
1165 4292 1251 4338 ταῦτα
1265 4285 1334 4338 alth
1342 4286 1407 4337 ebro
1416 4304 1459 4348 μοι
1468 4283 1571 4337 inertis

435 4367 521 4434 εἰσῄει,
538 4370 570 4430 ὥς
587 4370 650 4429 elude
666 4370 696 4420 hv
714 4368 806 4437 δόξων
823 4367 884 4421 εἶναι
902 4376 1004 4435 παρόντι
1021 4372 1113 4423 πένθη·
1132 4371 1191 4423 οὔτε
1208 4366 1240 4421 al
1258 4368 1330 4428 ἣδονῆ
1345 4369 1384 4428 ὃς
1398 4367 1429 4419 ἓν
1444 4376 1572 4433 φιλοσο-

435 4452 735 4594 ἷσίῖνῆἷξζοόνταν,
752 4453 834 4518 ὅπερ
852 4453 988 4518 albiniaco·
1006 4456 1061 4506 nal
1076 4457 1137 4520 γὰρ
1155 4456 1186 4505 οἱ
1200 4456 1296 4518 λόγοι
1313 4454 1465 4503 τοιοῦτοί
1480 4469 1570 4511 τινες

482 4619 510 4687 2)
528 4622 606 4671 etiam
625 4622 712 4688 ipsum
731 4621 898 4689 Phnoum
917 4639 1013 4690 nempe
1031 4639 1120 4674 revera
1138 4623 1202 4673 haec
1221 4623 1288 4688 ipsa,
1303 4635 1370 4687 quae
1385 4619 1413 4669 in
1429 4618 1568 4671 Phaedone

438 4708 589 4775 doceantur,
606 4709 646 4758 ita
663 4725 680 4759 a
698 4708 826 4758 Socnnnn
842 4709 976 4775 disputata
993 4726 1060 4777 esse,
1078 4726 1155 4761 nemo
1173 4717 1222 4775 est,
1241 4709 1309 4774 quin
1327 4714 1414 4773 neget.
