3717 5575
868 650 937 742 183

335 848 439 951 γένος,
472 843 547 952 ἕχον
575 842 672 950 ἕδραν
699 852 806 950 τρίτην
834 853 891 923 καὶ
918 845 1035 949 μέσην,
1062 860 1121 939 τῆς
1148 852 1320 951 ἑρμηνείαις
1349 856 1466 939 αἴτιον,

335 968 449 1074 εὐχαῖς
481 980 580 1072 τιμᾶν
613 966 709 1071 μάλα
744 967 850 1073 χρεὼν
885 967 982 1074 χάριν
1010 983 1068 1061 τῆς
1095 966 1238 1073 εὐφήμου
1267 973 1466 1074 διαπορείας,

334 1092 396 1189 qui
431 1090 533 1165 locus
566 1116 590 1164 a
622 1090 767 1164 Timaei
795 1088 880 1164 loco
908 1092 1032 1165 verbis
1060 1117 1135 1165 non
1163 1092 1369 1166 admodum
1397 1091 1466 1165 dis·

332 1213 440 1304 sidet,
469 1238 621 1287 recum
649 1238 696 1286 eo
724 1237 957 1311 magnopere
985 1214 1155 1288 concinit.

387 1337 498 1430 Quae
526 1335 651 1410 omnia
678 1335 709 1409 si
737 1336 1027 1434 perpendentur,
1057 1335 1118 1410 vix
1147 1335 1299 1410 dubium
1327 1335 1466 1410 videbi-

331 1473 401 1548 tur,
432 1457 521 1555 quin
549 1484 617 1556 per
645 1458 801 1533 ironiam
829 1459 928 1533 dicat
955 1458 1140 1533 Trunsus
1153 1455 1180 1556 1)

389 1710 497 1784 Haec
520 1710 568 1783 de
590 1708 713 1807 priore
736 1708 967 1806 quaestione.
996 1708 1076 1782 lam
1100 1706 1211 1782 venio
1234 1707 1284 1781 ad
1310 1705 1466 1782 alteram

377 2013 403 2080 ι)
422 2013 495 2076 Quae
513 2022 605 2064 contra
624 2014 741 2079 disputat
759 2014 952 2063 withmannus
969 2013 1023 2063 o.l.
1042 2029 1121 2079 pagg.
1140 2025 1203 2079 413,
1218 2026 1280 2079 414,
1296 2013 1370 2064 nullo
1386 2015 1465 2064 modo

328 2101 392 2151 mihi
416 2101 520 2166 probari
547 2108 667 2166 possunt.
685 2101 753 2150 Nam
767 2101 856 2166 primo
873 2100 961 2150 locum
980 2100 1066 2150 minus
1084 2107 1212 2165 accurate,
1232 2115 1266 2149 ne
1284 2099 1369 2150 dicem
1387 2100 1464 2166 male,

329 2188 485 2238 Germanico
509 2204 627 2238 sermone
652 2188 849 2252 interpretatur:
870 2187 940 2251 „Die
957 2185 1057 2235 audem
1077 2186 1232 2236 Gottheiteu
1250 2201 1281 2235 nu
1299 2185 1462 2250 besprecbcu

329 2274 384 2324 und
407 2275 482 2325 ihren
500 2275 636 2340 Urspruug
655 2290 685 2323 zu
703 2274 847 2340 erkeuneu,
867 2275 900 2323 ist
919 2274 979 2323 eine
997 2278 1114 2337 grossere
1135 2273 1265 2338 Aufgabe,
1282 2272 1321 2321 als
1339 2272 1398 2321 dass
1417 2273 1464 2322 wir

330 2360 371 2410 ihr
393 2362 547 2426 gewachsen
571 2367 673 2427 wiren3
704 2361 750 2410 wir
774 2366 879 2410 miissen
903 2359 978 2410 darin
1003 2360 1089 2410 denen
1115 2359 1228 2424 glauben
1253 2354 1396 2418 (σοιστόον),
1420 2358 1463 2410 die

329 2447 436 2498 sordem
455 2448 542 2498 daron
559 2448 661 2513 gelehrt
679 2447 766 2497 haben
784 2447 839 2498 und
856 2446 912 2497 sich
933 2446 1137 2510 nbkommlinge
1155 2445 1201 2495 der
1220 2445 1313 2494 Gotter
1327 2460 1462 2495 nennen

329 2534 407 2584 duri
412 2534 520 2601 ten(?),
551 2534 607 2585 also
634 2550 688 2584 von
715 2534 789 2584 ihren
817 2534 913 2584 Ahneu
940 2533 1039 2583 sichere
1064 2531 1197 2582 Kenntnis
1221 2534 1342 2582 besassen
1367 2530 1466 2596 (σοφός

329 2615 428 2681 εἰδόσιν)
453 2619 513 2684 [πον
531 2628 557 2671 et
574 2634 607 2681 γε
624 2619 783 2687 mittuntur}
808 2620 843 2670 Es
861 2620 896 2670 ist
914 2618 1119 2686 unstarthasto),
1137 2617 1183 2668 der
1192 2615 1225 2684 (i)
1244 2617 1337 2668 Gotter
1356 2618 1463 2668 Sohnen

331 2708 452 2759 Gluuben
470 2724 500 2758 zu
519 2708 688 2774 verweigern,
706 2707 772 2757 auch
791 2723 868 2757 wenn
887 2707 944 2757 ihre
959 2706 1063 2756 Lehreu
1079 2706 1135 2756 sich
1144 2705 1217 2755 nicht
1225 2704 1272 2754 aui
1278 2705 1463 2755 Wahrscbein·

330 2796 438 2846 lichkcit
459 2795 514 2846 und
531 2805 635 2861 strenge
654 2795 769 2845 Beweise
787 2794 940 2862 berutenn)
957 2792 1054 2855 (καίπερ
1071 2789 1146 2841 ἄνευ
1163 2807 1193 2839 rr
1210 2789 1311 2841 σόιιότσν
1327 2789 1371 2840 καὶ
1386 2790 1465 2855 dray-

327 2881 402 2930 rurlm
422 2876 569 2945 nutarem
586 2877 722 2942 λέγουσιν),
740 2881 854 2931 soudcrn
872 2883 920 2931 wir
937 2887 1041 2932 miissen
1061 2882 1107 2931 der
1125 2880 1302 2946 gesetzhnften
1321 2873 1464 2932 Uberliefe·

329 2986 395 3035 rung
413 2969 527 3034 glauben
536 2969 569 3035 (i)
586 2967 664 3034 (νόμῳ
690 2964 818 3036 anterior)
837 2968 893 3018 und
908 2968 988 3032 jeuen
1008 2977 1153 3033 vertraueu,
1169 2967 1203 3017 da
1218 2967 1256 3016 sic
1274 2966 1463 3035 verkiindeten,

327 3056 462 3106 Botschait
480 3072 526 3105 aus
543 3056 612 3105 ihrer
631 3055 737 3105 Heirnat
756 3072 787 3105 zu
805 3054 936 3121 bringen”
955 3050 999 3119 (eie
1017 3051 1096 3101 οόκσῑσ
1109 3054 1255 3114 φασκόντων
1269 3050 1464 3116 drap-rinnau).

327 3142 469 3209 [Scriptum
483 3142 591 3207 legitur:
613 3138 675 3188 ἀλλ’
702 3138 735 3197 ὃς
757 3138 835 3189 aleria
858 3141 1004 3201 φασκόντων
1027 3137 1204 3203 ἀπαγγέλλειν
1227 3136 1403 3200 ἱκομένους
1420 3144 1462 3202 τῷ

326 3227 409 3288 νόμῳ
428 3224 593 3276 recreari
599 3227 650 3292 ον].
670 3230 719 3279 Cui
735 3228 946 3294 interpretationi
961 3228 1013 3277 alia
1027 3228 1113 3278 inesse
1129 3228 1368 3295 videturvisatque
1378 3229 1460 3293 ipsius

326 3315 464 3367 Plnrorus
481 3316 576 3366 verbis.

370 3402 475 3453 Deinde
498 3401 562 3452 deos
587 3402 633 3467 qni
655 3403 723 3452 Tim.
750 3403 819 3465 27D
845 3409 872 3452 et
890 3399 961 3464 481)
981 3402 1135 3452 invocantur
1153 3401 1310 3467 (posteriore
1327 3401 1388 3452 loco
1407 3417 1460 3451 non

324 3496 384 3539 sunt
409 3489 457 3554 dit,
481 3488 527 3538 sed
545 3484 617 3555 όσός),
636 3489 742 3538 eosdem
760 3504 817 3538 esse
836 3497 915 3553 atque
934 3504 979 3538 eos
998 3488 1046 3553 qui
1060 3490 1130 3551 40D
1148 3495 1339 3555 enumerantur,
1354 3503 1402 3537 uec
1418 3487 1462 3538 de·

325 3582 451 3626 monstrat
480 3576 680 3642 witimarus,
707 3590 756 3625 uec
785 3575 963 3625 demonstrare
991 3583 1093 3640 potest:
1122 3576 1212 3641 itaque
1239 3575 1333 3625 iniuria
1357 3575 1462 3625 scribit:

328 3664 405 3727 „Von
428 3663 480 3713 den
506 3663 626 3728 thtern,
651 3662 730 3712 deren
756 3662 844 3713 Gelcit
868 3679 896 3713 er
914 3663 970 3713 sich
989 3679 1019 3714 so
1038 3670 1196 3729 anvertraut‚
1213 3663 1295 3714 heisst
1314 3678 1342 3712 es
1359 3678 1413 3711 nun
1434 3663 1461 3712 iu

327 3749 477 3800 demselbcu
497 3748 627 3815 Dialoge”
645 3765 705 3815 sqq.

374 3836 493 3903 Denique
507 3852 575 3903 quac
589 3836 622 3886 de
637 3837 773 3886 notionum
783 3853 850 3902 quae
859 3844 920 3887 sunt
930 3838 1005 3899 λόγος
1015 3845 1041 3888 et
1049 3835 1125 3896 μῦθος
1133 3836 1222 3898 (φήμη)
1231 3837 1302 3902 apud
1310 3838 1463 3887 Pmonnst

328 3923 521 3974 necessitudine
538 3924 628 3974 scribit
647 3924 847 3990 WlLLsrnrtrrus,
865 3924 929 3974 hsce
948 3925 1055 3990 quidem
1074 3932 1144 3975 recta
1162 3931 1231 3989 suut,
1250 3940 1298 3975 nec
1313 3925 1345 3974 dc
1361 3924 1393 3975 iis
1408 3940 1462 3974 non

325 4012 450 4061 convenit
467 4011 531 4060 mihi
549 4026 608 4061 cum
626 4025 671 4060 eo:
688 4011 752 4076 quin
769 4011 848 4061 etiam
863 4011 891 4061 in
906 4012 1056 4062 universum
1071 4012 1164 4062 melius
1180 4013 1381 4062 thmnrtuuu
1397 4019 1461 4077 puto

325 4098 478 4163 intellegere
486 4097 848 4162 etinterpretnriPlatonicam
856 4098 1460 4164 theologiam,quamWususuuethLtuuurs:

325 4184 371 4234 sed
388 4184 453 4234 haec
471 4185 557 4234 omnia
575 4199 628 4233 uon
648 4184 725 4233 video
745 4184 790 4249 qui
807 4183 839 4233 ad
856 4184 925 4233 hunc
940 4184 1027 4234 locum
1037 4186 1182 4250 quidquam
1192 4186 1353 4250 pertineant:
1364 4200 1459 4250 nempe

324 4286 379 4320 nou
398 4271 540 4321 reiciantur
558 4286 624 4335 quae
642 4265 729 4326 παῖδος
747 4271 775 4320 bi
793 4266 850 4317 trus
866 4270 996 4337 dixerunt,
1011 4272 1083 4337 quod
1099 4288 1152 4322 non
1168 4272 1221 4321 siut
1237 4268 1363 4329 μῦόοςνεὶ
1380 4267 1459 4332 Φόβοι

326 4357 392 4423 quin
417 4363 512 4407 temere
536 4357 569 4407 iis
592 4358 711 4408 credatur
735 4359 841 4407 obstant
863 4373 921 4407 cnm
939 4358 1005 4407 aliae
1023 4374 1125 4424 causae,
1143 4365 1197 4408 tum
1216 4359 1294 4408 etiam
1313 4359 1385 4424 quod
1403 4355 1461 4405 arn

323 4458 353 4491 rr
368 4438 469 4490 σόκόσαν
486 4439 528 4490 rai
544 4439 686 4503 ἀναγκαίαν
702 4438 852 4507 insirigus
870 4444 940 4493 dicta
959 4450 1028 4493 suut.

369 4532 503 4581 Postremo
522 4546 552 4580 ea
571 4546 638 4596 quac
655 4531 728 4580 hisce
747 4530 854 4581 deorum
873 4530 984 4580 filiorum
1003 4531 1196 4581 narrationibus
1214 4533 1382 4583 continentur
1397 4548 1459 4582 con·

324 4634 415 4684 gruere
439 4633 498 4668 cum
521 4617 554 4667 iis
578 4633 645 4682 quae
672 4617 736 4668 alibi
761 4617 824 4667 dicit
846 4618 947 4683 ΡιΑτο,
966 4632 1015 4668 nec
1033 4618 1083 4668 hoc
1103 4620 1213 4684 probare
1232 4634 1337 4669 necesse
1356 4619 1458 4669 videtur

325 4714 417 4772 putare
436 4705 642 4755 Wlnmnrtrtus:
662 4719 711 4754 nec
729 4705 751 4756 si
770 4712 878 4755 conatus
896 4711 974 4771 esset,
989 4706 1044 4756 scio
1061 4721 1150 4756 annon
1168 4707 1342 4756 successisset.
