3717 5575
860 688 908 777 ⁶7

318 910 445 982 κρατες,
471 885 538 983 περὶ
565 874 685 958 τούτων
705 876 766 982 μὲν
786 893 849 956 τῶν
869 876 1244 982 Ἠρακλειτείων1)
1265 878 1301 983 ἦ,
1321 877 1450 984 ὥσπερ

317 997 365 1082 σὺ
393 993 595 1106 λ’ἔγεις,’)
623 998 799 1105 Ὁμηρείων
827 1009 885 1079 καὶ
912 997 974 1078 ἔτι
1001 1000 1311 1105 παλαιοτέρων
1340 998 1450 1095 αιἰτοῖς

317 1122 376 1226 μὲν
402 1134 468 1217 τοῖς
496 1131 563 1228 περὶ
589 1124 649 1210 τὴν
667 1120 820 1227 Ἔφεσον,
843 1122 910 1202 ὅσοι
933 1132 1175 1228 προσποιοῦνται
1199 1121 1338 1227 ἔμπειροι
1353 1122 1450 1227 εἶναι,

318 1243 410 1324 οὐδὲν
437 1253 569 1349 μᾶλλον
596 1242 663 1323 οἷόν
687 1277 719 1322 τε
742 1248 959 1349 διαλεχθῆναι
983 1245 1004 1328 h
1028 1255 1094 1337 τοῖς
1117 1251 1300 1351 οίστρὼσινε
1326 1245 1450 1320 verbis

320 1382 516 1464 quaesunt
529 1364 573 1446 ἔτι
586 1366 807 1471 παλαιοτέροις
830 1366 1134 1464 Orphicorum
1155 1367 1305 1441 indicari
1320 1367 1450 1441 doctri·

320 1516 399 1582 nas,
436 1491 511 1564 ianr
539 1491 734 1564 annotavit
763 1489 1036 1565 Harunonrrus
1051 1487 1079 1587 ⁸)
1109 1491 1279 1588 Itemque
1307 1488 1446 1587 Cratyl.

321 1637 394 1707 402
413 1613 540 1712 Bsqq.
568 1612 783 1711 Orpheus
801 1640 885 1687 cunr
902 1612 1148 1688 Heraclito
1162 1612 1450 1713 coniungitur:⁴)

320 1738 403 1839 λέγει
430 1736 471 1815 δέ
494 1768 555 1816 πον
583 1739 640 1815 καὶ
671 1734 805 1841 Ὀρφεὺς
832 1735 879 1816 ὅτι

478 1900 630 1997 Ὠκεανὸς
655 1920 777 2010 πρῶτος
804 1910 995 2009 καλλίρροος
1022 1896 1098 2010 ἦρξε
1125 1902 1260 2009 γοίμοιο,

477 2027 513 2120 ὅς
538 2034 583 2133 ῥα
610 2029 811 2131 κασιγνήτην
839 2029 1031 2131 ὁμομήτορα
1061 2025 1168 2117 lindis
1196 2026 1315 2108 ὅπνιεν.

318 2221 423 2290 ταῦτα
458 2196 515 2289 oia
549 2210 658 2289 σκόπει
686 2209 732 2288 ὅτι
761 2215 819 2288 καὶ
847 2208 1007 2302 αλλήλοις
1033 2220 1199 2313 συμφωνεῖ
1222 2218 1278 2289 καὶ
1305 2211 1384 2315 πρὸς
1411 2205 1453 2289 τὰ

319 2343 375 2412 τοῦ
402 2331 611 2438 Ἡρακλείτου
641 2329 750 2412 ποίντα
776 2338 879 2409 τείνει.

374 2578 427 2653 Ut
455 2579 594 2670 Puro,
623 2577 675 2652 ita
703 2575 936 2652 Graecorum
963 2593 1187 2652 censuerunt
1214 2575 1325 2677 alii‘)
1354 2578 1451 2653 Con·

370 2840 396 2906 1)
414 2840 495 2890 Recte
519 2840 589 2905 apud
614 2839 811 2889 Worrtmmu
834 2838 955 2889 Herma:
981 2839 1036 2904 „de
1055 2840 1271 2891 Heracliteis
1289 2841 1384 2892 hisce
1403 2840 1454 2892 do·

322 2924 536 2991 gmstis....’'

367 3012 395 3078 π)
413 3011 612 3062 Animadvertas
635 3011 699 3062 haec
724 3007 806 3070 ilem
828 3009 861 3056 σν
885 3006 981 3072 λίγειαι
1005 3012 1147 3078 diligenter
1164 3013 1214 3064 hoc
1232 3013 1337 3064 effetum
1356 3013 1455 3064 Socrati

324 3099 446 3149 tribuitur
463 3116 479 3149 a
498 3099 662 3151 Thronono.

368 3186 396 3253 3)
414 3188 560 3236 Worrtm
576 3185 603 3235 in
618 3185 726 3236 Theaet.
742 3185 859 3236 editione
875 3185 908 3236 ad
923 3187 950 3237 h.
966 3187 999 3236 l.:
1011 3182 1067 3251 „lec
1082 3182 1293 3246 παλαιοτέρων...
1304 3188 1455 3255 ‚Orpheum

324 3273 462 3338 Intellegit.
481 3272 522 3323 Cf.
541 3272 640 3336 Cratyl.
658 3285 710 3335 402
722 3274 745 3321 A
764 3271 823 3337 sq.’'
844 3272 983 3337 „Hssrnn’‘.

367 3361 397 3427 4)
415 3360 476 3410 Non
493 3359 571 3409 video
590 3367 686 3425 tamen,
704 3358 770 3424 quid
787 3360 838 3410 sibi
857 3360 921 3410 velit
940 3361 1058 3424 Zama,
1076 3360 1124 3410 Ph.
1143 3360 1169 3411 d.
1188 3360 1234 3411 Gr.
1254 3362 1275 3411 1.
1294 3361 1321 3412 1ι
1336 3377 1396 3428 pag.
1413 3373 1455 3429 74,

324 3446 384 3497 adu.
410 3459 439 3496 1:
466 3446 542 3510 „Wie
564 3446 633 3496 diess
658 3445 705 3512 [sc.
728 3445 771 3496 die
795 3447 960 3511 mythischen
986 3447 1165 3514 Kosmologen
1183 3447 1229 3498 auf
1245 3447 1291 3497 der
1308 3448 1396 3515 einen,
1413 3448 1457 3500 die

324 3533 468 3584 Gnomiluer
486 3532 532 3583 aus
546 3532 593 3582 der
610 3531 710 3582 anderu
729 3532 799 3583 Seite
817 3532 924 3583 -den
942 3533 1121 3599 Philosophen
1136 3534 1315 3602 beizuzdhlen]
1331 3535 1412 3585 achon
1428 3535 1456 3586 in

322 3621 369 3671 der
386 3619 531 3670 Blilthezeit
550 3619 597 3669 der
611 3619 790 3685 griechischen
807 3619 978 3686 Philosophie
994 3620 1072 3671 theils
1086 3637 1140 3672 von
1155 3620 1207 3671 den
1217 3621 1369 3688 Sophiam,
1379 3621 1456 3673 thella

323 3723 375 3758 von
393 3706 445 3757 den
463 3706 624 3771 Anhiingern
644 3706 950 3772 naturphilosophischer
967 3706 1084 3773 Systeme
1102 3707 1230 3776 geschah3
1249 3725 1301 3759 von
1318 3708 1397 3773 jenen
1411 3711 1456 3759 be-

322 3803 398 3859 zeugt
422 3809 450 3843 es
476 3793 568 3843 Puro
593 3793 662 3843 Prot.
688 3792 775 3856 316D
794 3794 847 3857 vgl.
867 3791 998 3860 338Eff.,
1016 3809 1068 3844 von
1086 3795 1178 3845 diesen
1196 3795 1364 3845 Derselbe
1383 3796 1456 3846 Krat.

322 3881 405 3945 402ss
429 3879 484 3929 und
508 3881 601 3929 haur.
627 3879 746 3945 Metapb.
765 3880 787 3945 1,
805 3890 831 3945 3,
850 3891 901 3944 933
927 3878 997 3945 [lege
1017 3880 1080 3948 983]
1104 3881 1123 3931 b
1142 3891 1175 3944 27
1198 3879 1264 3948 (vgl.
1284 3881 1456 3932 Scnwaouaa

322 3985 344 4019 ι.
354 3968 380 4018 d.
405 3964 472 4033 St.)‘'

368 4054 465 4118 Cratyl.
489 4053 572 4117 402ss
596 4068 650 4102 non
676 4051 735 4101 aliis
759 4052 879 4102 attribuit
903 4052 981 4103 talem
999 4053 1156 4103 sententiam
1174 4053 1276 4119 Puro,
1294 4053 1341 4104 sed
1359 4054 1458 4119 profert

323 4143 390 4207 ipse,
407 4142 424 4192 i.
440 4157 464 4191 e.
483 4141 613 4191 Socratem
632 4140 694 4190 facit
713 4138 903 4206 proferentem
924 4141 1112 4190 Annorum
1126 4148 1213 4191 autem
1228 4140 1295 4190 nihil
1312 4140 1376 4191 dicit
1393 4141 1459 4191 nisi:

323 4225 373 4276 elei
389 4223 418 4275 δι’
434 4241 528 4283 τινες.
547 4227 587 4278 Cl.
607 4242 667 4292 pag.
686 4224 720 4275 68
739 4232 766 4276 et
783 4226 820 4276 ibi
839 4225 901 4276 adn.
920 4240 941 4278 1.
959 4227 1052 4292 ltaque
1067 4226 1131 4278 haec
1147 4228 1302 4277 minussunt
1313 4228 1457 4292 perspicua.

368 4316 489 4367 Ceterum
506 4314 556 4365 hoc
573 4313 633 4364 loco
650 4314 684 4363 iis
703 4329 770 4378 quae
789 4330 849 4380 pag.
866 4314 897 4364 61
917 4330 987 4380 sqq„
1001 4314 1063 4364 adn.
1082 4328 1092 4364 1
1110 4315 1260 4381 dictasunt,
1269 4314 1460 4379 addereliceat,

324 4403 375 4453 iam
395 4419 465 4453 anno
484 4418 510 4467 p.
530 4402 591 4452 Chr.
610 4417 637 4451 n.
659 4399 723 4463 1781
745 4402 780 4451 D.
799 4400 970 4451 Tmomnrtrt
990 4401 1104 4452 edidisse
1123 4417 1199 4468 opus,
1216 4402 1288 4468 quod
1306 4402 1459 4467 inscriptum

323 4496 390 4540 erat:
414 4488 621 4539 Griechenlands
646 4496 714 4538 erste
739 4487 917 4552 Philosophen
943 4487 1006 4537 oder
1028 4490 1117 4538 Leben
1136 4489 1190 4539 und
1209 4489 1326 4554 Systeme
1344 4489 1391 4539 des
1411 4489 1459 4539 Or·

324 4577 416 4642 pheos,
440 4574 611 4641 Pherecydes,
631 4574 727 4624 Thales
745 4574 800 4623 und
818 4574 986 4639 Pythagoras.
1006 4574 1047 4624 Cf.
1067 4575 1243 4625 ὕπαντα-Η.
1262 4592 1286 4626 o.
1296 4575 1315 4625 1.
1335 4591 1395 4641 pag.
1414 4586 1457 4639 32.

369 4664 397 4730 5)
414 4662 455 4713 Cf.
474 4663 642 4726 Wrtbunnrt,
660 4661 713 4711 o.l.
729 4676 789 4725 pag.
810 4673 856 4710 12:
874 4660 915 4725 „6.
933 4663 965 4710 In
980 4660 1040 4710 dem
1055 4661 1350 4712 Gewebevondltesten
1362 4662 1458 4712 Ueber·

323 4750 495 4815 lieserungen,
512 4765 545 4798 au
564 4748 676 4798 welches
695 4746 738 4796 die
753 4747 837 4796 Pieut
854 4747 900 4797 der
914 4747 1096 4812 griechischen
1111 4747 1218 4798 Denker
1234 4748 1289 4799 die
1305 4747 1457 4814 Anfdnge
