3717 5575
974 638 1024 709 80

431 832 592 931 vestigia
627 831 663 905 in
704 831 861 906 Homeri
897 847 936 905 et
974 831 1131 906 Hesiodi
1163 833 1386 907 carminibus
1413 849 1561 925 extant3

432 958 469 1030 in
498 955 710 1029 universum
738 980 830 1029 vero
858 955 895 1028 hi
923 965 1061 1052 poetae
1089 980 1155 1029 eas
1183 955 1385 1030 amiserunt
1413 972 1451 1031 et
1475 954 1562 1030 nihil

433 1079 660 1153 retinuerunt
702 1078 769 1151 nisi
813 1078 972 1151 sormam
1011 1078 1211 1175 mythicam
1225 1113 1233 1171 3
1249 1075 1275 1175 ¹)
1312 1105 1389 1178 quo
1426 1080 1563 1153 lactum
1594 1115 1599 1124 ·

433 1216 501 1293 est,
537 1218 577 1276 ut
604 1202 642 1274 id
670 1201 773 1300 quod
800 1199 1003 1298 symbolice
1031 1201 1170 1275 dictum
1199 1226 1274 1275 non
1302 1201 1441 1276 malurn
1470 1217 1562 1294 erat,

434 1349 584 1422 prorsus
608 1322 713 1397 fieret
736 1322 900 1420 impium.
927 1321 1143 1420 Philosophi
1157 1338 1296 1416 autem,
1311 1325 1565 1422 imprimisque

434 1448 470 1521 O
482 1445 660 1546 rphici,
686 1446 736 1519 ad
759 1446 916 1543 primam
936 1445 1032 1519 hanc
1047 1446 1259 1543 mythorum
1273 1448 1350 1521 vim
1365 1447 1564 1540 redierunt,

434 1586 498 1644 aut
526 1569 639 1644 etiam
662 1567 730 1664 ipsi
755 1593 876 1642 novos
897 1568 1047 1667 mythos
1061 1566 1245 1643 finxerunt
1258 1570 1308 1643 ad
1322 1570 1564 1667 exprimenda

434 1692 601 1790 cogitata
636 1715 714 1764 sua.
746 1690 1061 1789 Vituperaverunt
1088 1716 1156 1766 eos
1183 1692 1245 1788 qui
1274 1692 1409 1789 mythis
1437 1694 1563 1767 abute-

435 1831 570 1906 rentur,
600 1839 676 1888 non
705 1814 767 1912 qui
795 1829 1006 1889 uterentur:
1021 1811 1048 1913 ⁹)
1076 1814 1145 1911 ipsi
1174 1815 1227 1888 usi
1256 1832 1354 1906 sunt,
1384 1831 1421 1889 et
1450 1816 1566 1913 mythi

435 1954 540 2014 erant
582 1937 623 2010 iis
660 1962 747 2034 pars
784 1934 1055 2034 philosophiae,
1093 1937 1130 2009 id
1168 1938 1269 2036 quod
1307 1964 1353 2013 ex
1390 1938 1478 2035 ipsis
1515 1939 1568 2013 eis

435 2086 532 2159 quae
560 2058 697 2134 tradita
725 2074 821 2150 sunt,
849 2076 1029 2157 apparet:
1060 2060 1108 2133 de
1130 2059 1416 2158 Xenophane
1438 2062 1569 2135 audias

436 2185 644 2257 Pnnrousu
669 2182 785 2281 Soph.
815 2208 886 2277 242
906 2183 950 2257 C.
975 2208 1081 2280 sqq:
1101 2197 1180 2261 ΞΕ.
1198 2183 1352 2281 (hospes
1366 2183 1568 2281 Eleaticus)

437 2304 592 2399 Εὺκθλως
628 2339 685 2410 μοι
721 2309 814 2384 δοκεῖ
847 2310 1057 2411 Παρμενίδης
1093 2312 1173 2410 ’ἡμῖν
1212 2309 1387 2412 διειλέχθαι
1420 2314 1477 2385 καὶ
1505 2317 1569 2398 πᾶς

436 2427 520 2521 ὅστις
558 2427 680 2506 πώποτε
717 2431 765 2506 ἐπὶ
801 2435 904 2532 κρίσιν
938 2427 1065 2534 ὥρμησε
1098 2437 1154 2505 τοῦ
1189 2424 1231 2505 τδι
1260 2427 1339 2506 ’σ’ντα
1367 2433 1569 2535 διορίσασθαι

436 2552 521 2628 πόσα
549 2582 581 2628 τε
610 2554 666 2627 καὶ
693 2548 771 2628 ποῖαί
797 2553 891 2627 ἐστιν.

491 2685 609 2751 ΘΕΑΙ.
637 2685 713 2778 Πῇ;

489 2806 557 2874 ΞΕ.
585 2791 759 2892 Μῡθθνῧ)
782 2826 855 2871 τινα
878 2790 1011 2887 ἕκαστος
1033 2802 1181 2898 φαίνεταί
1195 2828 1251 2899 μοι
1265 2798 1444 2899 διηγεῖσθαι
1458 2803 1567 2875 παισὶν

437 2925 481 3012 ὡς
513 2903 602 2996 οὖσιν
630 2923 725 3021 ἡμῖν,
752 2924 771 2993 ὁ
797 2916 856 3020 μὲν
885 2921 928 3009 ὡς
955 2924 1030 3021 τρία
1056 2912 1097 2994 roi
1125 2915 1218 3020 ὅντα,
1245 2925 1380 3021 πολεμεῖ
1403 2917 1438 2995 δὲ
1463 2917 1570 3003 α’λλῇ-

436 3048 505 3133 λαις
541 3043 635 3118 ἐνίοτε
673 3036 779 3117 αὐτῶν
825 3034 909 3116 ἄττα
944 3070 1004 3149 πῃ,
1037 3038 1104 3117 τοτὲ
1137 3038 1174 3117 δὲ
1202 3047 1259 3118 καὶ
1286 3046 1366 3143 pilot
1392 3040 1570 3144 γιγνόμενα

436 3162 565 3269 γάμους
600 3194 630 3239 τε
665 3168 721 3239 καὶ
749 3161 864 3253 τόκους
893 3165 953 3239 καί
976 3157 1094 3267 τροφὰς
1121 3178 1184 3240 τών
1212 3162 1353 3266 ἐκγόνων
1381 3163 1566 3267 παρέχεται·

437 3282 497 3365 δύο
525 3286 561 3364 δὲ
588 3281 689 3388 ἔτερος
715 3283 821 3385 εἰπών,
849 3284 946 3388 ὑγρὸν
976 3286 1033 3361 καὶ
1058 3284 1155 3389 ξηρδν
1181 3284 1202 3367 ἢ
1227 3283 1341 3388 θερμὸν
1356 3286 1412 3361 καὶ
1428 3284 1567 3389 ψυχρόν,

437 3413 606 3503 σινσικὶζει
641 3439 674 3484 τε
702 3403 787 3483 air&
815 3408 875 3483 και1
901 3408 1078 3484 ἐκδίδωσι·
1108 3407 1144 3482 τδ
1173 3404 1209 3483 δὲ
1236 3403 1312 3510 παρ’
1345 3411 1424 3509 ἡμῖν
1452 3400 1569 3483 Ἐλεα-

485 3650 512 3719 1)
530 3652 648 3702 Boneita
671 3665 695 3699 o.
705 3649 723 3698 1.
743 3665 803 3714 pag.
824 3657 888 3714 539:
910 3650 958 3713 „In
976 3649 1102 3699 welchem
1121 3649 1207 3700 Grade
1226 3651 1271 3700 der
1288 3650 1487 3717 ursprilngliche
1503 3651 1569 3702 Sinn

438 3740 484 3789 der
508 3737 618 3803 Mythen
640 3737 684 3786 bei
703 3737 826 3785 Homer
844 3736 1037 3801 geschwunden
1056 3737 1099 3803 ist,
1117 3737 1186 3787 sieht
1203 3753 1263 3787 man
1282 3737 1425 3788 besonders
1443 3738 1471 3788 in
1490 3746 1570 3788 astro·

437 3823 806 3889 nomisch·astrognostischen
826 3824 934 3889 Diogen
935 3859 1013 3873 .....
1031 3824 1078 3873 Bei
1097 3824 1204 3874 solchen
1222 3824 1331 3888 Mythen
1346 3824 1414 3874 sieht
1429 3826 1570 3876 mandent·

438 3912 501 3979 lich,
525 3912 584 3961 dass
607 3911 654 3961 der
677 3909 787 3959 Dichter
810 3910 862 3959 den
886 3909 953 3960 Sinn
977 3911 1109 3961 entweder
1132 3910 1205 3960 nicht
1222 3910 1317 3960 wissen
1335 3911 1400 3977 will,
1416 3911 1479 3961 oder
1498 3911 1571 3962 nicht

438 3998 512 4048 mehr
529 3996 631 4047 weiss.“

485 4090 513 4151 α)
532 4083 572 4133 Ci.
590 4085 708 4132 Boneita
725 4082 778 4132 o.l.
798 4099 857 4148 pag.
876 4093 940 4148 540:
960 4085 1026 4148 „Die
1044 4085 1154 4135 iiltesten
1170 4084 1359 4149 Philosophen,
1374 4083 1417 4133 die
1433 4083 1570 4134 ionischen

439 4171 488 4222 wie
506 4171 548 4221 die
567 4171 704 4221 italisehen
722 4170 776 4220 und
795 4171 1024 4236 Empedokles
1043 4173 1184 4223 benutzten
1202 4187 1248 4221 aus
1267 4171 1415 4236 religibsem
1435 4171 1500 4221 Sinn
1520 4172 1571 4222 den

440 4259 546 4323 Mythos
570 4258 608 4307 als
632 4257 802 4321 allegorische
828 4257 905 4307 Form
929 4258 999 4308 ihrer
1017 4260 1130 4323 Lehren,
1149 4257 1272 4307 withrend
1291 4258 1328 4307 sie
1348 4258 1466 4323 zugleich
1484 4274 1569 4324 gegen

439 4345 482 4395 die
501 4344 669 4395 unsittlichen
690 4343 893 4409 Vorstellungen
910 4345 958 4395 des
976 4346 1187 4411 Volksglaubens
1204 4343 1400 4409 ankhmpitenP

484 4431 513 4497 3)
531 4432 599 4481 Fieri
618 4431 709 4495 utique
728 4439 815 4496 potest
833 4460 868 4468 —
886 4448 954 4497 quae
970 4432 1072 4484 videtur
1087 4449 1143 4483 esse
1159 4432 1288 4482 sententia
1305 4434 1419 4482 Arnim
1434 4433 1462 4483 in
1478 4434 1519 4483 ed.
1536 4434 1570 4483 ad

438 4519 489 4568 loc.
503 4518 548 4584 (cf,
565 4519 683 4584 Prolegg.
699 4534 759 4583 pag.
769 4519 798 4585 9)
807 4547 851 4585 -,
860 4527 888 4569 ut
898 4520 1026 4571 vocabulo
1036 4522 1085 4571 hoc
1094 4521 1137 4571 hic
1147 4521 1277 4586 vituperet
1287 4520 1379 4569 Pnnro
1390 4521 1572 4588 philosophos,

439 4607 511 4671 quod
535 4608 625 4674 μύθους
649 4605 812 4672 tradiderint,
830 4607 875 4655 ubi
893 4608 990 4673 mythis
1008 4625 1061 4659 non
1080 4625 1147 4675 opus
1166 4614 1244 4674 esset,
1259 4607 1332 4673 quod
1351 4623 1405 4657 non
1423 4610 1569 4659 curaverint

441 4694 594 4758 „notionum
612 4708 699 4743 veram
716 4693 770 4742 vim
787 4693 918 4744 subtiliter
936 4696 1100 4747 examinat?
1120 4694 1247 4763 (Arm).
