3717 5575
778 630 847 703 ¹05

245 818 434 890 Pnarorus
471 809 731 912 philosophiae
758 806 944 906 pertineat
971 802 1224 900 originem.
1237 795 1264 895 ¹)
1296 795 1378 869 Nec

293 1104 397 1171 1)N0n
423 1104 517 1168 solum,
540 1118 600 1152 cum
624 1101 656 1150 de
681 1101 816 1150 pharonis
837 1094 1021 1162 philosophiae
1036 1091 1122 1158 genesi
1139 1096 1208 1155 agat,
1226 1084 1380 1153 gravissima

244 1193 309 1242 haec
327 1192 377 1240 huc
397 1206 451 1240 non
468 1191 582 1256 pertinet
598 1188 726 1255 quaestio,
742 1186 788 1235 sed
804 1191 937 1250 praeterea
951 1180 1078 1232 artissime
1094 1177 1217 1228 cohaeret
1229 1189 1287 1224 cum
1297 1172 1379 1222 altera

245 1277 291 1327 illa
308 1278 405 1327 maiore
423 1285 450 1327 et
468 1276 595 1342 graviore,
613 1290 680 1339 quae
698 1274 731 1323 de
749 1271 886 1322 universae
902 1266 1086 1334 philosophiae
1101 1265 1216 1314 Graecae
1232 1276 1248 1310 a
1262 1257 1380 1309 barbaris

248 1365 348 1429 origine
363 1371 410 1413 est.
428 1364 458 1412 In
475 1378 553 1428 quam
562 1377 646 1429 paene
657 1363 805 1412 C1csaort1s
814 1358 880 1407 illud
889 1357 975 1406 valere
984 1354 1040 1405 dixi
1049 1351 1095 1418 (N.
1106 1353 1140 1401 D.
1151 1350 1174 1415 1,
1186 1351 1222 1408 il:
1234 1355 1286 1397 tam
1295 1344 1380 1395 variae

248 1459 309 1501 suut
326 1451 535 1500 doctissimorum
552 1449 688 1498 homiuum
708 1456 812 1511 tamque
828 1445 1006 1509 discrepantes
1024 1438 1179 1502 sententiae,
1194 1441 1223 1485 ut
1238 1447 1333 1496 magno
1343 1445 1381 1479 ar·

249 1548 371 1603 gumento
396 1553 452 1587 esse
470 1538 564 1587 debeat
582 1552 685 1586 causam
704 1542 730 1585 et
751 1533 909 1599 principium
928 1527 1114 1596 philosophiae
1133 1538 1189 1574 esse
1207 1519 1381 1571 inscientiam.

248 1624 344 1674 Merito
362 1639 424 1674 sane
443 1639 501 1673 mea
519 1623 625 1688 quidem
643 1622 770 1687 opinione
789 1620 930 1669 Zachaeus
946 1616 1004 1682 (Ph.
1022 1615 1047 1663 d.
1058 1614 1103 1663 Gr.
1114 1612 1127 1661 1
1139 1609 1254 1674 tipagg.
1266 1602 1381 1670 19—41)

246 1726 335 1760 eorum
354 1709 484 1774 redarguit
503 1710 667 1775 seutentiam,
686 1709 743 1773 qui,
761 1715 789 1757 ut
814 1706 954 1769 Cuuuzssu,
973 1689 1382 1767 Rom‚Guan1scrr‚alti,pht-

247 1796 396 1862 losophiam
411 1797 535 1847 Graecam
553 1799 587 1847 ab
606 1797 672 1862 ipsis
686 1795 802 1845 barbaris
817 1792 953 1843 oriundam
969 1804 1025 1839 esse
1035 1791 1158 1851 censent3
1168 1797 1225 1846 nec,
1234 1777 1383 1845 quihorum

249 1883 360 1949 vestigia
378 1884 524 1948 pressit-
542 1885 743 1933 Wrcuutartrtuat
761 1880 822 1930 dico
839 1907 875 1917 -
890 1892 958 1943 quae
974 1875 1089 1939 exhibet,
1104 1871 1166 1921 licet
1182 1866 1299 1932 iniquius
1308 1863 1341 1914 de
1350 1878 1400 1924 eo⁴

250 1971 348 2021 iudicet
367 1971 508 2020 Loamrto
524 1969 657 2036 (Berichte
675 1970 740 2018 iiber
755 1968 797 2017 die
814 1963 1001 2016 Griechischen
1018 1957 1196 2022 Philosophen
1207 1970 1252 2003 vor
1261 1951 1383 2002 Sokrates

250 2057 292 2107 fiir
314 2058 358 2107 die
376 2058 454 2122 Jahre
475 2056 647 2120 1876-1897
667 2058 694 2107 in
714 2057 844 2119 Boustarr,
860 2049 1053 2117 Jahresbericht
1076 2043 1142 2109 1898
1161 2042 1261 2103 XXVI,
1281 2052 1303 2088 r.
1324 2053 1383 2103 pag.

252 2144 316 2211 222)
333 2153 424 2195 contra
442 2146 539 2210 valent,
558 2160 616 2194 cum
635 2145 658 2193 is
679 2144 707 2192 in
726 2141 864 2192 afferendis
883 2140 1014 2189 variorum
1033 2136 1187 2198 scriptorum
1201 2128 1383 2190 variorumque

249 2237 396 2296 temporum
423 2231 579 2282 testimoniis
605 2246 654 2280 uec
681 2231 744 2279 satis
771 2228 928 2291 discernere,
954 2239 1002 2274 uec
1027 2230 1153 2288 quantum
1177 2232 1244 2283 opus
1267 2221 1306 2265 est
1329 2216 1384 2261 arte

251 2317 342 2368 critica
359 2319 397 2368 uti
416 2318 543 2369 videatur.

296 2405 333 2454 At
366 2421 418 2454 non
444 2404 538 2455 refutat
566 2404 707 2454 Zattaaus
733 2419 763 2452 ea
790 2417 857 2467 quae
883 2400 995 2450 Caum
1016 2411 1096 2462 opere
1121 2409 1177 2457 suo,
1200 2388 1273 2456 quod
1295 2383 1385 2436 inscri-

252 2491 335 2541 bitur:
356 2493 424 2555 „Die
445 2492 632 2543 Griechischen
652 2490 729 2541 Culte
747 2489 802 2540 und
821 2486 931 2553 Mythen
951 2485 979 2534 in
998 2484 1072 2534 ihren
1088 2480 1270 2542 Besiehungen
1286 2489 1316 2523 zu
1333 2472 1385 2521 den

252 2577 455 2628 orientalischen
474 2577 660 2645 Religiouen’',
679 2578 857 2627 demonstrare
872 2580 981 2623 conatus
998 2579 1047 2637 est,
1061 2585 1110 2619 nec
1120 2567 1229 2617 refutare
1240 2578 1271 2612 ea
1279 2572 1386 2610 necesse

250 2663 340 2730 habet,
359 2667 431 2731 quod
451 2668 473 2716 is
491 2682 545 2716 non
565 2665 761 2733 philosophiam
780 2662 916 2727 Graecam,
934 2660 980 2709 sed
999 2658 1071 2709 ideas
1086 2656 1165 2721 solas,
1181 2652 1263 2702 forma
1278 2645 1387 2712 mystica

253 2757 280 2802 et
297 2754 412 2818 mythica
429 2754 570 2819 involutas,
587 2770 602 2805 e
621 2754 718 2820 quibus
740 2750 910 2818 philosophia
929 2746 1064 2815 prodierit,
1082 2761 1114 2795 ex
1132 2742 1231 2794 oriente
1246 2743 1315 2787 ortas
1329 2745 1386 2784 esse

255 2850 359 2891 censeat
375 2841 494 2908 [cha
503 2858 528 2892 o.
538 2843 557 2894 l.
573 2859 633 2908 pag.
650 2851 682 2907 25
699 2841 760 2893 adn.
780 2852 790 2889 1
801 2854 808 2889 ι
823 2840 917 2903 „Denn
927 2853 974 2887 aus
983 2836 1042 2886 dem
1053 2834 1145 2884 Orient
1154 2832 1248 2881 humen
1258 2824 1325 2876 nach
1335 2822 1386 2871 Ga.

254 2924 292 2991 (S·
316 2927 369 2991 674
393 2945 418 2978 u.
438 2929 475 2995 ὃ.)
498 2929 542 2980 die
567 2927 768 2979 orientalischeu
789 2926 871 2976 ldeen
891 2940 940 2974 nur
958 2924 986 2973 in
1005 2923 1073 2972 ihrer
1091 2919 1232 2985 religidsen
1253 2914 1340 2975 Form,
1358 2906 1386 2956 in

255 3013 301 3064 der
323 3016 362 3065 sie
385 3016 584 3081 hauptsachIich
605 3017 634 3066 in
652 3016 703 3066 den
722 3013 881 3080 orphischen
901 3010 1050 3062 Gedichten
1070 3004 1248 3070 niedergelegt
1266 2995 1388 3058 wurden3

254 3101 371 3168 dagegen
397 3119 449 3153 war
473 3103 529 3153 ihre
550 3103 691 3167 Beireiung
708 3117 754 3151 aas
773 3100 858 3150 dieser
877 3097 959 3148 Hdlle
978 3096 1025 3146 das
1044 3095 1137 3159 eigene
1158 3088 1242 3157 Werli
1258 3086 1304 3135 der
1322 3080 1388 3148 grie·

254 3188 378 3240 chischen
403 3189 608 3254 Philosophen.’‘
633 3188 757 3241 Similiter
782 3189 876 3251 Drnrs,
899 3184 978 3234 Arch.
1005 3182 1023 3231 s.
1045 3179 1140 3231 Gesch.
1159 3177 1185 3226 d.
1204 3174 1251 3225 Ph.
1270 3172 1297 3221 11
1316 3165 1386 3218 taff.

254 3274 300 3341 (cs.
316 3277 459 3327 Lormmo
474 3278 502 3327 in
518 3279 648 3342 Bursian,
659 3274 854 3341 Jahresbericht
869 3285 945 3336 1902.
955 3269 1058 3330 XXXa
1068 3275 1094 3316 et
1105 3275 1119 3331 5
1130 3280 1191 3330 pag.
1203 3258 1389 3326 144)Gamr11

254 3362 315 3411 libri
325 3373 503 3428 argumentum
513 3363 604 3414 refert:
617 3363 674 3427 „die
686 3362 807 3427 Aniange
816 3360 863 3408 der
871 3355 1051 3424 griechischen
1061 3348 1230 3414 Philosophie
1239 3343 1299 3396 sind
1308 3338 1389 3391 durch

256 3449 298 3499 die
315 3450 474 3515 orphischen
494 3451 622 3500 Gedichte
641 3450 697 3499 und
715 3449 786 3498 diese
806 3446 947 3496 wiederum
965 3441 1046 3492 durch
1061 3434 1244 3490 orientalische
1260 3426 1390 3495 Original-

255 3536 376 3600 gedichte
401 3535 592 3603 heeinffusst‘'];
616 3537 757 3586 Zauasaus
781 3540 868 3584 autem
894 3546 954 3581 cum
973 3535 1079 3578 revocet
1096 3541 1145 3575 nos
1163 3522 1196 3573 ad
1214 3537 1254 3585 ea,
1271 3530 1338 3583 quae
1357 3511 1390 3561 de

257 3623 372 3673 Gaurru
395 3639 474 3688 opere
497 3624 561 3673 dicit
588 3624 733 3672 Drarssms
757 3621 805 3685 l.l.,
829 3619 875 3684 qui
900 3604 1391 3670 GnUPPmitcumCarcuzna,RiiT11,

257 3709 399 3759 Guamscrr
417 3710 512 3760 eodum
530 3710 611 3759 habet
627 3709 687 3759 loco
707 3716 733 3758 er
750 3722 869 3771 numero,
886 3705 956 3754 idem
972 3701 1044 3768 quod
1058 3700 1101 3750 hic
1117 3697 1214 3748 sentire
1230 3699 1269 3743 est
1284 3701 1391 3740 censen·

258 3796 320 3861 dus;
339 3796 410 3862 quod
429 3797 523 3846 iniuria
541 3803 660 3861 uterque,
679 3801 707 3845 ut
726 3794 849 3859 equidem
868 3792 972 3857 opinor.
991 3789 1106 3839 Gaorru
1122 3800 1197 3851 opus,
1212 3781 1276 3831 licet
1291 3773 1391 3826 defun·

259 3882 397 3948 dameutis,
422 3883 518 3948 quibus
543 3883 646 3947 nititur,
668 3881 778 3931 omnino
799 3895 853 3929 non
872 3876 1013 3927 conveniat
1031 3873 1095 3924 mihi
1113 3886 1172 3922 cum
1190 3885 1231 3933 eo,
1248 3860 1391 3916 accuratius

259 3971 384 4035 scriptum
401 3986 457 4019 esse
476 3985 581 4035 censeo,
598 3984 677 4034 quam
695 3975 724 4017 ut
742 3973 837 4016 temere
856 3981 903 4030 pro
922 3961 1006 4013 nihilo
1021 3961 1155 4011 habeatur.
1169 3954 1280 4022 (Melius
1294 3951 1392 4001 iudicat

260 4058 403 4106 Ioarzmo
421 4057 459 4106 l.l.
479 4072 539 4121 pag.
561 4055 631 4122 153).

303 4143 367 4195 Utut
391 4151 440 4208 est,
458 4143 577 4208 quaestio
595 4141 660 4191 haec
681 4140 715 4190 de
733 4140 847 4190 Graecae
866 4134 1051 4203 philosophiae
1069 4131 1179 4196 origine,
1197 4129 1234 4178 ita
1252 4126 1347 4192 posita,
1364 4130 1394 4173 ut

261 4231 348 4296 posuit
366 4229 487 4294 Gaurra,
504 4229 612 4279 omnino
631 4227 747 4278 nondum
765 4225 902 4291 profligata
917 4238 974 4273 esse
989 4227 1033 4271 aut
1048 4218 1082 4269 ad
1097 4217 1195 4268 exitum
1208 4213 1321 4264 adducta
1329 4211 1394 4260 mihi

259 4317 369 4367 ridetur.
390 4317 575 4366 Recentiorum
593 4316 626 4365 de
645 4330 676 4364 ea
693 4314 777 4364 varias
797 4311 937 4377 opiniones
955 4313 1072 4358 recenset
1092 4306 1235 4354 Lemma
1253 4299 1306 4350 ol.

306 4406 386 4468 Quod
408 4405 443 4455 ad
466 4406 619 4454 Patronem
642 4401 758 4453 notanda
781 4406 851 4465 suut,
874 4412 941 4464 quae
966 4396 998 4446 de
1019 4392 1158 4459 Aegyptiis
1176 4405 1243 4455 quos
1260 4385 1327 4437 inira
1346 4392 1394 4435 tra·

263 4494 398 4558 ctabimus,
415 4492 480 4541 dicit
498 4492 641 4556 Gomara,
659 4490 705 4540 Gr.
722 4490 755 4537 D.
772 4489 798 4538 ll
815 4502 874 4552 pag.
894 4497 946 4547 2⁰9
955 4496 1031 4547 sqq.:
1043 4481 1171 4545 „Hieraus
1179 4475 1340 4526 enmehmen
1350 4472 1397 4521 wir

263 4579 396 4628 zweierlei.
421 4578 473 4628 Die
497 4575 661 4643 sprachliche
685 4572 882 4638 Schwierigkeit
900 4571 947 4621 des
966 4562 1279 4620 Gedankenaustausches
1295 4559 1395 4609 konnte

262 4664 339 4720 keine
354 4665 595 4719 anuberwindliche
614 4664 680 4730 sein,
697 4662 800 4713 mochte
819 4677 873 4710 nun
892 4657 939 4709 der
956 4655 1075 4706 Verkehr
1091 4650 1222 4703 awischen
1236 4648 1315 4715 jeuen
1330 4646 1397 4711 grie·
