3717 5575
829 708 876 778 33

286 907 407 979 neque
444 907 574 956 veram
613 906 719 956 suam
756 882 963 955 doctrinam
999 879 1268 954 multitudinem
1298 879 1419 954 celare

285 1006 433 1080 studuit.
467 1003 746 1079 Multitudinem
774 1029 905 1102 parum
930 1003 1083 1077 curavit.

328 1279 413 1329 Multa
431 1286 564 1344 praeterea
582 1277 615 1327 de
634 1275 773 1342 proverbio
791 1277 838 1327 illo
858 1293 873 1326 a
891 1273 979 1329 soror
999 1276 1094 1327 tradito
1114 1277 1178 1342 agit,
1196 1292 1306 1341 quorum
1322 1293 1421 1327 summa

285 1372 324 1415 est
347 1365 425 1415 haee:
446 1381 491 1430 „so
509 1364 596 1414 lassen
614 1363 670 1414 sich
687 1378 734 1428 gar
752 1363 821 1413 viele
841 1363 1048 1428 Mdglicblteiten
1067 1363 1208 1429 auffinden,
1226 1363 1342 1414 weshalb
1361 1363 1421 1413 dem

285 1452 461 1503 Hermodorus
485 1453 531 1502 der
553 1450 659 1501 Handel
677 1451 725 1499 mit
743 1449 860 1500 iremden
879 1450 1010 1500 Schriften
1030 1451 1103 1500 nieht
1121 1450 1159 1500 als
1178 1450 1289 1516 solcher,
1307 1450 1420 1500 soudern

287 1553 376 1603 wegen
394 1537 441 1588 der
459 1539 558 1602 Weise‚
575 1538 624 1587 wie
643 1552 671 1587 er
688 1536 734 1586 ihn
753 1537 830 1602 trieb,
848 1536 1034 1601 ausgestochen
1053 1537 1157 1587 werden
1176 1537 1303 1587 konnte.”

333 1624 467 1674 Notabilia
487 1624 602 1689 denique
621 1630 681 1673 sunt
696 1623 826 1672 Buttttssrtt
841 1624 923 1690 yerba
941 1622 1014 1689 (pag.
1036 1623 1111 1689 175):
1133 1624 1212 1687 „Man
1231 1624 1301 1672 kann
1320 1624 1422 1673 bieraus

284 1711 440 1777 abnehmen‚
457 1711 517 1761 dass
534 1712 578 1761 die
596 1709 780 1760 Buchbandler
798 1709 865 1759 auch
880 1708 996 1759 dadurch
1013 1711 1112 1760 Kauier
1124 1710 1286 1760 anzulochen
1302 1711 1422 1774 suchten,

285 1797 344 1848 dass
362 1799 400 1848 sie
420 1799 447 1848 in
465 1799 539 1849 ihren
559 1797 678 1849 Lokaleu
697 1797 794 1848 Stitclte
812 1813 857 1847 aus
873 1797 948 1848 ihren
962 1798 1129 1863 vonathigen
1145 1797 1260 1847 Werken
1276 1797 1421 1847 vorlasen.”

329 1884 408 1948 Quod
425 1886 459 1935 ad
476 1884 713 1936 bibliothecas
732 1884 765 1934 ci.
785 1891 919 1949 praeterea
936 1884 1175 1934 Purser-wissowa
1190 1884 1207 1933 i.
1218 1899 1257 1933 v.:
1268 1884 1314 1933 IV.
1331 1884 1422 1933 Grie·

285 1971 424 2022 chische
442 1972 694 2022 Bibliotheken
712 1971 1106 2021 voralexandriniseher
1122 1971 1195 2020 Zeit
1210 1970 1271 2036 (111.
1286 1970 1347 2020 coll.
1361 1968 1424 2035 408,

285 2058 358 2124 409),
381 2059 427 2124 qui
452 2067 512 2109 ante
537 2058 773 2109 Alexandrinorum
792 2065 903 2108 aetatem
922 2058 1097 2108 bibliothecas
1116 2058 1195 2108 fuisse
1213 2057 1344 2122 concedit,
1361 2057 1423 2106 licet

286 2144 358 2210 parvi
384 2161 427 2194 eas
451 2144 575 2194 momenti
595 2144 674 2194 fuisse
693 2143 772 2208 dicat,
791 2151 817 2193 et
835 2146 1012 2194 Deultum
1031 2153 1057 2194 et
1075 2144 1177 2193 Secuto
1196 2143 1213 2192 i.
1224 2160 1259 2204 v..
1278 2142 1325 2209 qui
1335 2152 1422 2192 tamen

286 2230 318 2280 de
339 2231 597 2296 prae-Alexandrinis
614 2230 783 2280 bibliothecis
801 2230 869 2280 nihil
887 2230 940 2280 iere
959 2231 1077 2280 afferunt.

330 2317 491 2383 Diiudicare,
520 2333 647 2383 quaenam
675 2316 892 2382 philosophorum
918 2324 997 2382 opera
1024 2316 1081 2381 ipse
1105 2316 1134 2365 in
1159 2315 1279 2364 manibus
1302 2314 1423 2364 habuerit

286 2405 386 2470 Puro,
409 2405 486 2455 huius
508 2405 561 2455 loci
585 2421 639 2454 non
666 2412 714 2454 est.
741 2406 795 2454 iarn
814 2404 859 2454 diu
879 2419 940 2453 vero
958 2412 1020 2454 ante
1039 2404 1175 2453 Platonem
1193 2402 1320 2467 imprimis
1339 2401 1423 2465 philo-

286 2491 427 2556 sophorum
452 2491 548 2556 placita
571 2491 665 2541 litteris
690 2491 812 2541 mandata
837 2506 904 2557 esse,
924 2507 939 2540 a
960 2491 1200 2540 Pouet-Wrssowa
1217 2490 1234 2537 i.
1245 2506 1270 2538 v.
1287 2488 1358 2538 Buch
1374 2488 1423 2536 111.

286 2577 336 2628 col.
360 2591 411 2642 942
437 2593 474 2627 vs.
501 2591 535 2627 20
561 2594 621 2644 sqq.
647 2578 798 2628 adnotatur:
827 2577 898 2642 „Seit
922 2578 981 2627 dem
1007 2577 1113 2641 Aniang
1131 2577 1177 2626 des
1197 2575 1315 2639 6Jhdts.
1332 2574 1378 2623 hat
1395 2590 1423 2623 es

288 2663 363 2714 indes
386 2665 560 2714 litterarische
584 2665 681 2715 Werlte
699 2666 827 2730 gegeben,
846 2665 894 2714 wie
913 2664 956 2713 die
976 2663 1198 2728 theosophischen
1216 2662 1293 2728 Epen
1311 2660 1358 2711 der
1376 2659 1424 2709 Or-

286 2750 379 2817 phiker
397 2751 452 2802 uad
470 2751 513 2802 die
532 2751 785 2817 Lokalgeschichten
804 2752 850 2801 der
868 2751 1071 2817 Logographen,
1089 2747 1423 2813 vielleichtauchphiloso·

288 2838 396 2903 phische
416 2838 585 2904 Dichtungen
604 2840 658 2889 und
677 2837 890 2904 Proseschriiten,
909 2839 953 2888 die
971 2838 1022 2888 alle
1041 2838 1083 2887 ittr
1100 2838 1152 2887 den
1170 2836 1340 2886 mundlichen
1360 2835 1424 2883 Vor-

288 2931 344 2990 trag
371 2925 446 2975 nicht
473 2925 545 2975 recht
568 2926 691 2992 geeignet
715 2925 839 2975 scheinen
865 2925 920 2975 und
942 2925 1023 2975 daher
1044 2923 1106 2974 eher
1130 2940 1164 2973 an
1189 2924 1248 2972 eine
1267 2923 1378 2971 Lecttire
1396 2920 1425 2969 in

288 3010 432 3061 schristlich
456 3011 540 3062 sicher
566 3011 701 3076 gestellter
723 3012 841 3077 Fassung
866 3011 972 3061 denken
996 3011 1137 3060 lassen...
1160 3008 1288 3058 Wirltlich
1314 3006 1426 3072 popular

288 3097 393 3146 werden
411 3096 440 3146 B.
460 3105 512 3147 erst
530 3097 566 3146 im
588 3107 602 3162 5
621 3096 703 3161 det.,
722 3097 760 3146 als
780 3097 826 3146 der
845 3097 974 3161 michtige
994 3096 1104 3162 geistige
1125 3094 1303 3156 Auischwung
1324 3092 1424 3141 Athens

289 3181 316 3231 in
336 3183 424 3233 Kunst
442 3183 497 3233 und
516 3184 657 3233 Litteratur
674 3184 740 3234 auch
759 3184 830 3232 beim
846 3183 985 3232 Publilcum
1001 3183 1045 3232 ein
1060 3180 1188 3231 lebhut'tes
1199 3180 1348 3243 Veriangen
1358 3178 1426 3227 nach

289 3267 340 3318 den
359 3276 486 3319 neuesten
507 3269 795 3335 Geisteserzeugnissen
813 3269 930 3319 entiacht
949 3269 1029 3334 hatte,
1047 3268 1107 3318 dem
1125 3267 1168 3317 die
1187 3265 1361 3331 Gelegenheit
1380 3264 1426 3313 des

292 3355 396 3406 Hdrens
414 3356 488 3406 nicht
507 3356 580 3406 mehr
599 3354 741 3422 genitgte.'’

335 3442 367 3491 ln
384 3443 468 3508 ipsius
486 3443 622 3493 PLt‘rortts
640 3443 764 3508 operibus
782 3443 886 3508 saepius
904 3443 937 3492 de
953 3442 1027 3492 libris
1042 3449 1082 3491 est
1097 3454 1195 3491 sermo:
1212 3438 1344 3489 Phaedon.
1361 3437 1426 3500 9713

292 3535 317 3578 et
336 3526 401 3592 98ss
426 3530 597 3595 Anaxagorae
622 3537 836 3580 commemoratur
860 3533 968 3594 βιβλίον,
991 3528 1061 3594 quod
1087 3529 1226 3578 Soterem
1250 3526 1314 3575 πάνυ
1332 3523 1427 3588 σπονδῇ

289 3615 448 3678 taedam&
472 3617 595 3681 τάχιοτα
621 3613 670 3667 οἷον
695 3615 750 3676 τ’ἦν
776 3618 953 3682 ἀνεγίγνωσκε,
972 3617 1045 3666 Idem
1064 3616 1204 3665 Socim-ns
1223 3613 1337 3678 Apolog.
1357 3610 1425 3659 261)

290 3701 388 3751 Meleto
407 3702 550 3751 accusatori
570 3702 634 3752 vitio
648 3702 692 3752 dat
709 3703 780 3768 quod
796 3703 818 3753 is
833 3704 870 3753 ita
885 3704 1029 3753 litterarum
1038 3708 1158 3767 expertes
1168 3715 1223 3749 esse
1233 3698 1332 3747 iudices
1343 3702 1427 3761 putet,

289 3795 319 3838 ut
343 3787 409 3852 quid
429 3788 601 3854 Anaxagorae
622 3788 781 3838 Clazomenii
800 3789 874 3839 libris
893 3790 1067 3853 contineatur,
1084 3788 1184 3837 nescire
1202 3785 1262 3835 illos
1280 3784 1426 3833 arbitretur.

335 3875 366 3925 In
385 3876 528 3925 ‘l'heaeteto
546 3873 610 3939 (143
622 3874 658 3942 A)
678 3876 815 3925 Eucttntts
835 3882 929 3942 narrat,
948 3892 976 3926 se
995 3890 1141 3926 sermonum
1161 3870 1333 3939 quorundam,
1351 3885 1366 3918 a
1381 3868 1427 3918 So·

291 3970 360 4011 crate
374 3961 531 4027 habitorum,
546 3962 634 4012 statim
649 3968 678 4012 ut
692 3962 799 4012 domum
814 3964 939 4028 venisset,
948 3962 1147 4012 commentarios
1156 3960 1208 4009 sibi
1222 3955 1427 4021 consignavisse‚

291 4056 383 4113 postea
397 4056 483 4098 autem
499 4065 547 4115 per
561 4049 644 4098 otium
660 4056 728 4099 totos
745 4057 824 4115 atque
835 4050 951 4114 integros
961 4050 1013 4100 fere
1024 4047 1209 4112 conscripsisse
1218 4043 1278 4094 illos
1287 4056 1427 4092 sermones.

291 4135 384 4200 ltaque
400 4150 504 4184 servum
522 4135 617 4185 libmm
636 4151 737 4186 sumere
756 4137 829 4186 iubet
850 4143 876 4187 et
895 4137 1010 4187 recitare.

336 4223 402 4271 Item
418 4223 445 4271 in
461 4223 615 4273 Parmenide
629 4222 693 4289 (127
707 4222 739 4290 C)
755 4239 842 4273 sermo
858 4232 896 4273 est
912 4224 945 4273 de
955 4225 1073 4273 Zeuortts
1082 4236 1171 4287 opere,
1180 4218 1252 4284 quod
1262 4217 1320 4281 ipse
1330 4214 1428 4264 recitat.

336 4309 459 4374 Denique
492 4310 608 4375 Republ.
636 4310 662 4359 11
699 4310 783 4373 364ss
810 4310 936 4360 librorum
961 4309 1123 4376 quorundam
1148 4304 1326 4357 sacrificalium
1351 4302 1429 4351 turba

292 4394 377 4444 afferri
401 4394 496 4445 dicitur
520 4398 625 4461 <orem
648 4395 676 4447 lt
699 4396 791 4460 lucader
816 4399 972 4463 παρέχονται
991 4397 1119 4449 Μουσαίου
1137 4395 1179 4445 καὶ
1196 4392 1312 4456 Ὀρφέος,
1328 4388 1432 4447 naim

290 4499 320 4532 rr
337 4482 380 4533 eal
395 4479 500 4533 Moveeiv
518 4482 633 4549 ίγγόνων,
652 4484 684 4543 ὥς
702 4492 774 4549 φασι,
791 4487 845 4536 καθ’
860 4486 891 4545 ἃς
900 4486 1050 4543 θνητολοῦσι
1060 4482 1156 4548 aea),
1165 4488 1190 4530 et
1200 4477 1332 4528 Phaedon.
1343 4475 1394 4524 266
1405 4476 1430 4523 D

289 4568 399 4634 legitur:
418 4575 444 4621 dv
460 4574 514 4630 τοῖς
531 4573 641 4634 βιβλίοις
658 4575 713 4631 τοὶς
730 4573 786 4636 περὶ
806 4578 887 4639 λόγων
904 4574 998 4638 τέχνης
1015 4570 1205 4636 γεγραμμένοις.

338 4655 378 4706 Cf.
400 4665 535 4722 praeterea
552 4658 662 4708 Phaedr.
682 4670 735 4722 230
744 4659 780 4725 D,
799 4661 895 4725 2351),
915 4672 966 4723 243
978 4660 1014 4723 C;
1032 4659 1120 4723 Symp.
1139 4666 1187 4718 177
1198 4651 1345 4719 133Phi1eb.
1356 4648 1389 4712 38
1400 4648 1431 4697 Ε.

341 4742 441 4793 Eodem
461 4752 523 4794 sunt
540 4744 678 4795 referenda
695 4761 762 4810 quae
782 4746 814 4796 de
828 4747 937 4796 aliorum
954 4744 1169 4811 philosophorum
1184 4738 1289 4804 scriptis
1299 4737 1432 4787 aPlatone

1300 4851 1315 4902 3
