3717 5575
1966 668 2108 738 186

891 863 963 937 in
1024 865 1398 936 PLA‘roms
1454 863 1824 961 operibuS,
1886 863 2189 937 omnino
2246 860 2420 936 nihil
2478 862 2592 935 hic
2647 862 2744 934 ad
2794 886 2950 935 rem
2998 886 3154 959 per-

889 987 1145 1077 tineat,
1203 1011 1370 1059 cum
1420 1011 1569 1060 non
1620 986 1716 1060 de
1762 1011 1914 1059 uno
1958 984 2295 1060 alterove
2347 995 2598 1083 poeta,
2629 985 2763 1058 sed
2792 984 2889 1058 de
2917 984 3159 1082 poetis

889 1105 1338 1207 generaliter
1410 1107 1622 1182 dictis
1692 1133 1943 1182 sermo
2018 1109 2135 1200 sit,
2208 1108 2281 1180 in
2338 1132 2531 1205 quos
2586 1106 2874 1180 Tmffl
2927 1107 3160 1181 verba

890 1232 1172 1329 optime
1228 1231 1622 1328 quadrent,
1647 1227 1699 1327 l)
1756 1256 1906 1304 non
1962 1230 2210 1323 video,
2271 1229 2396 1329 qui
2453 1229 2696 1328 priore
2754 1229 2897 1303 hoc
2947 1255 3158 1328 argu-

892 1371 1147 1428 mento
1204 1353 1602 1451 quicquam
1660 1353 1957 1450 probari
2014 1353 2269 1451 possit.

999 1477 1158 1550 Iam
1213 1476 1601 1550 veniamus
1656 1476 1752 1549 ad
1809 1475 2145 1551 alterum.
2209 1475 2383 1550 Non
2441 1474 2816 1573 integram
2873 1473 2989 1548 hic
3044 1500 3163 1548 ex-

892 1598 1125 1673 hiberi
1199 1598 1605 1696 Orphica-m
1689 1597 2201 1696 theogoniam‚
2278 1598 2374 1671 ab
2447 1596 2629 1695 ipsis
2702 1596 2788 1670 iis
2864 1596 2990 1694 qui
3065 1597 3162 1671 ad

891 1721 1280 1819 Orpheum
1329 1720 1653 1794 referunt
1689 1718 1959 1811 locum,
1992 1720 2418 1795 conceditur
2443 1749 2457 1794 ε
2480 1716 2536 1818 ”)
2565 1720 2771 1819 quod
2800 1734 3059 1794 contra
3084 1719 3156 1792 in

890 1843 1056 1935 alia,
1115 1843 1210 1916 de
1258 1868 1410 1940 qua
1455 1842 1903 1934 noverimus,
1952 1842 2360 1941 theogonia
2406 1843 2569 1941 ipsa
2613 1843 2800 1917 haec
2848 1844 3153 1917 deorum

888 1964 1351 2040 enumeratio
1424 1989 1574 2038 non
1648 1963 2038 2055 invenitur,
2105 1964 2291 2038 haec
2347 1990 2496 2039 non
2555 1981 2668 2038 est
2724 1989 2972 2055 causa,
3030 1990 3156 2037 cur

888 2089 985 2163 de
1042 2087 1373 2185 Orphica
1427 2086 1838 2184 theogonia
1894 2086 2017 2184 agi
2077 2102 2444 2184 putemus,

998 2212 1260 2309 Itaque
1302 2208 1758 2309 argumentis
1805 2209 2005 2283 hisce
2042 2208 2428 2308 perpensis
2477 2209 2799 2283 WEBERI
2828 2208 3157 2307 itemque

888 2333 1335 2424 Senusmm,
1374 2331 1721 2422 ZELLERI,
1773 2330 2083 2407 aliorum
2131 2331 2577 2429 hypothesin
2627 2357 2832 2405 mera
2879 2331 3158 2404 coniec-

888 2471 1054 2530 tura
1108 2454 1236 2529 niti
1295 2469 1631 2552 apparet,
1690 2452 1882 2528 ultra
1928 2481 2154 2552 quam
2205 2453 2556 2553 progredi
2604 2479 2752 2528 non
2805 2468 3153 2551 possunt:

890 2577 1044 2652 fieri
1093 2592 1362 2675 potest,
1413 2592 1494 2650 ut
1539 2575 1787 2649 verbis
1831 2582 1986 2654 θεῶν
2034 2578 2320 2680 ἐκγόνοις
2368 2577 2720 2674 Orpheus
2759 2591 3154 2674 spectetur,

885 2698 1022 2773 sed
1119 2723 1363 2797 aequo
1450 2697 1606 2770 iure
1686 2697 1787 2770 ad
1872 2697 2055 2771 alios
2136 2699 2548 2772 referuntur
2629 2699 2816 2772 haec
2894 2698 3147 2771 verba.

889 2821 1215 2919 Aequo?
1288 2820 1529 2894 Immo
1587 2818 1820 2894 multo
1878 2819 2178 2895 maiore.
2245 2819 2444 2895 Nam
2503 2821 2927 2895 Senum-:1³1
2980 2847 3148 2895 con-

887 2944 1234 3035 iecturae,
1311 2943 1426 3017 cui
1500 2967 1879 3041 perpauca
1922 2988 2024 2998 —
2072 2969 2167 3017 ne
2223 2943 2464 3018 dicam
2522 2943 2698 3017 nihil
2746 2987 2850 2999 —-
2897 2943 3149 3018 favere

885 3066 1227 3158 vidimus,
1287 3063 1522 3140 multa
1574 3067 1881 3140 obstant
1933 3090 2176 3163 eaque
2230 3065 2695 3165 gravissima.

993 3191 1269 3265 Obstat
1296 3191 1566 3287 primo
1592 3187 1897 3287 pluralis
1926 3214 2296 3280 numeruS‚
2330 3215 2481 3287 quo
2511 3188 2735 3262 utitur
2762 3189 3149 3263 TIMAEUS:

881 3324 1013 3406 τοῖς
1063 3313 1375 3417 εἰρηκόσιν
1437 3357 1540 3367 -
1600 3312 1887 3416 ἐκγόνοις
1947 3371 1962 3386 .
2000 3366 2016 3385 .
2052 3371 2067 3385 .
2137 3317 2292 3388 θεῶν
2352 3298 2529 3391 οὖσιν
2586 3354 2690 3366 —-
2744 3307 2991 3412 ἔφασαν
3047 3355 3151 3367 —-

881 3436 1115 3513 εἰδόσιν
1189 3479 1293 3489 -
1366 3439 1521 3513 θεῶν
1595 3442 1813 3512 παισὶν
1890 3478 1994 3490 —-
2067 3435 2359 3539 λέγουσιν
2433 3479 2536 3489 -
2607 3434 2986 3538 φασκόντων
3046 3479 3149 3489 -

883 3552 1032 3635 κατ’
1087 3560 1394 3649 ἐκείνουςς
1453 3555 1578 3653 qui
1636 3556 1828 3631 adeo
1887 3557 2236 3655 frequens
2291 3572 2405 3631 est
2458 3558 2600 3631 hoc
2654 3557 2845 3648 loco,
2897 3573 2977 3631 ut
3023 3556 3147 3630 mi·

882 3706 1041 3754 rum
1118 3704 1297 3753 sane
1374 3678 1736 3771 videatur,
1810 3694 1966 3753 tam
2033 3705 2294 3777 parum
2348 3679 2550 3754 viros
2605 3679 2868 3754 doctos
2921 3680 3146 3755 etiam

976 4033 1028 4101 ι)
1064 4032 1199 4083 Vide
1237 4030 1391 4098 infra,
1428 4046 1582 4096 pagg.
1627 4030 1724 4095 196
1744 4046 1865 4097 sqq.

970 4120 1027 4187 2)
1065 4119 1147 4170 Cf.
1198 4119 1407 4168 Wznu
1456 4133 1505 4167 o.
1536 4117 1572 4166 1.
1624 4133 1744 4182 pag.
1801 4130 1894 4168 11:
1947 4118 2104 4182 „Mag
2155 4116 2240 4167 die
2275 4118 2347 4166 im
2385 4117 2522 4168 Tim.
2560 4134 2613 4183 p.
2652 4129 2724 4179 40
2743 4113 2839 4166 DE
2875 4118 3142 4182 gegebene

881 4206 1201 4272 Genealogie
1254 4204 1534 4270 Anklflnge
1582 4219 1649 4253 an
1699 4204 1783 4253 die
1831 4203 2193 4253 hesiodeische
2243 4204 2443 4270 wigen,
2480 4220 2598 4269 mag
2634 4204 2710 4253 sie
2745 4203 2833 4253 die
2868 4204 3145 4269 orphische

879 4294 1027 4343 nicht
1063 4291 1335 4342 lflckenlos
1373 4292 1562 4357 geben,
1597 4318 1668 4328 —
1698 4289 1786 4340 die
1815 4290 1934 4355 Nyx
1966 4289 2060 4340 der
2090 4291 2406 4356 orphischen
2440 4292 2606 4341 Lehre
2638 4291 2706 4340 ist
2722 4290 2838 4341 hier
2855 4292 3146 4357 tiberhaupt

878 4380 1043 4445 nicht,
1086 4384 1241 4428 unter
1288 4378 1380 4428 der
1426 4378 1619 4428 letzten
1666 4376 2159 4442 Gottergeneration
2206 4378 2274 4428 ist
2324 4378 2607 4442 Dionysos,
2658 4377 2810 4442 „dem
2844 4378 3148 4443 orphischer

878 4467 1082 4517 Glaube
1132 4466 1286 4517 einen
1337 4480 1551 4530 grossen
1593 4464 1832 4528 Vorrang
1871 4463 2190 4514 einrfiumte”
2227 4463 2457 4530 (Rohde,
2496 4465 2694 4529 Psyche
2730 4477 2836 4527 414
2858 4463 2961 4531 A.),
3000 4466 3145 4516 nicht

876 4551 1160 4602 besonders
1209 4550 1493 4617 genannt‚''
1543 4565 1693 4617 sqq.;
1716 4586 1728 4599 .
1752 4550 1943 4599 .ibid.:
1997 4551 2147 4615 „eine
2197 4548 2501 4600 luckenlose
2552 4550 2899 4616 Wiedergabe
2936 4550 3030 4601 der
3065 4568 3144 4602 or-

885 4638 1133 4704 phischen
1171 4638 1478 4703 Theogonie
1517 4653 1620 4687 war
1657 4653 1747 4702 gar
1781 4636 1930 4687 nicht
1967 4636 2179 4686 Platons
2219 4636 2506 4703 Absicht;”
2543 4652 2693 4704 sqq.;
2723 4637 2844 4687 vide
2877 4644 3141 4703 praeterea

889 4728 1181 4788 Susffinffl..
1221 4724 1301 4772 De
1335 4725 1535 4790 Tbeog.
1574 4724 1738 4789 Orph.
1778 4723 1928 4773 form.
1965 4724 2132 4790 antiq.
2168 4740 2289 4789 pag.
2325 4724 2498 4774 XVII.
