3717 5575
2008 655 2147 723 162

941 845 1105 948 λέγει
1156 849 1235 924 δέ
1273 878 1392 927 που
1443 851 1560 927 καὶ
1607 843 1688 926 τὰ
1738 844 2016 952 Ὀρφέως
2062 845 2443 952 καλούμενα
2479 845 2620 939 ἔπη,
2650 846 2772 922 vel
2801 847 2952 922 tale
2981 848 3192 946 quid,

941 994 1106 1041 cum
1163 969 1595 1066 praesertim
1651 970 1989 1045 dicantur
2044 971 2231 1046 haec
2285 997 2332 1044 a
2389 971 2757 1061 SOCRATE,
2816 970 2944 1068 qui
3000 970 3196 1044 iden-

941 1092 1169 1164 tidem
1223 1117 1305 1166 se
1359 1093 1598 1167 virum
1636 1094 1952 1183 doctum
1997 1118 2163 1166 esse
2210 1109 2461 1192 neget,
2513 1093 2767 1190 itaque
2813 1092 3055 1165 minus
3100 1093 3197 1165 ad

937 1212 1256 1288 litteram
1307 1213 1678 1290 laudantis
1708 1217 1876 1308 sint,
1911 1241 2139 1313 quam
2171 1216 2600 1290 memoriter
2630 1232 2706 1290 et
2732 1241 2826 1289 ex
2853 1231 3195 1314 tempore

937 1336 1277 1430 dicentis,
1327 1337 1401 1411 id
1449 1340 1653 1435 quod
1700 1365 1793 1414 ex
1821 1340 2166 1412 universa
2194 1338 2485 1412 dicendi
2515 1338 2805 1413 ratione
2832 1353 3188 1437 apparet:

937 1458 1184 1563 ςιὲμαι
1258 1458 1331 1539 δὲ
1405 1463 1517 1540 καὶ
1593 1459 1912 1554 Ἡσίοδος,
1991 1463 2156 1565 λέγει
2230 1463 2314 1540 δέ
2376 1493 2530 1540 που
2591 1469 2706 1539 καὶ
2768 1461 2897 1552 'O.,
2956 1477 3034 1536 et
3091 1460 3191 1533 ad

933 1580 1133 1656 vitae
1188 1582 1607 1657 cotidianae
1662 1608 2084 1657 sermonem
2138 1584 2334 1657 bene
2389 1585 2731 1681 quadrat.

1040 1705 1379 1796 Accedit,
1455 1707 1659 1804 quod
1717 1731 1866 1780 non
1924 1707 2023 1780 ad
2078 1705 2421 1804 quamvis
2477 1705 2995 1804 quaestionem
3050 1704 3187 1780 sol-

933 1828 1255 1902 vendam
1330 1844 1501 1903 sunt
1572 1827 1821 1925 scripti
1898 1829 2273 1901 PLA‘roms
2328 1828 2640 1926 dialogi:
2703 1826 2937 1903 multa
2992 1843 3183 1918 sunt,

933 1948 1025 2022 de
1082 1950 1348 2046 quibus
1402 1965 1532 2023 aut
1585 1975 1735 2023 non
1793 1949 2153 2048 cogitavit
2209 1952 2488 2041 PLATO,
2548 1966 2679 2024 aut
2733 1966 2934 2026 certe
2988 1975 3184 2048 quae

933 2071 1289 2170 cogitavit
1327 2098 1476 2146 non
1519 2072 1887 2170 patefecit.
1924 2072 2031 2146 Ut
2058 2074 2368 2147 afletam
2398 2072 2862 2172 exemplum:
2896 2073 3185 2147 WEBER

929 2223 1093 2269 cum
1141 2196 1458 2294 inquirit,
1509 2213 1752 2269 utrum
1803 2195 2176 2270 Graecum
2223 2221 2320 2270 an
2368 2196 2745 2271 Thracem
2796 2196 3183 2293 Orpheum

929 2319 1268 2392 habuerit
1316 2318 1595 2410 PLATO,
1626 2315 1678 2414 1)
1725 2318 1880 2392 iure
1928 2318 2228 2416 quidem
2277 2335 2608 2393 statuere
2653 2318 2828 2392 mihi
2866 2319 3181 2410 videtur,

929 2467 1291 2539 nusquam
1376 2441 1578 2539 apud
1653 2441 2072 2514 PLATONEM
2146 2441 2334 2515 inter
2407 2441 2742 2517 Thraces
2813 2441 3181 2516 numerari

929 2564 1337 2660 Orpheum,
1406 2563 1635 2636 immo
1691 2561 1922 2638 multa
1980 2565 2302 2654 obstare,
2363 2564 2759 2662 quominus
2813 2563 3180 2639 numerari

925 2712 1097 2760 eum
1151 2711 1628 2759 censeamus:
1689 2685 1948 2759 dubito
2005 2711 2186 2760 vero
2242 2712 2494 2761 annon
2552 2713 2644 2760 ex
2690 2687 2828 2761 hac
2877 2713 2957 2761 re
3004 2711 3180 2761 vere

925 2809 1300 2900 efficiatur,
1361 2808 1733 2882 Graecum
1790 2808 2189 2883 existimari
2247 2811 2638 2908 Orpheum
2687 2836 2733 2884 a
2780 2811 3174 2883 PLATONE:

925 2932 1194 3006 etenim
1271 2931 1426 3005 fieri
1502 2947 1772 3029 potest,
1849 2949 1932 3007 ut
2005 2933 2308 3007 omnino
2383 2935 2479 3007 de
2544 2933 2684 3007 hac
2740 2933 3177 3030 quaestione

925 3080 1070 3128 non
1153 3054 1618 3153 cogitaverit,
1706 3070 1834 3128 aut
1917 3054 1989 3127 in
2075 3055 2424 3152 operibus
2504 3055 2770 3130 saltem
2843 3054 3173 3130 tacuerit.

921 3175 1174 3251 Simile
1239 3176 1417 3275 quid
1473 3192 1724 3251 autem
1781 3178 1878 3251 de
1937 3176 2216 3275 Cratyli
2272 3177 2439 3251 loco
2497 3178 2672 3252 mihi
2727 3178 3022 3253 videtur
3076 3177 3176 3250 di·

921 3301 1276 3374 cendum:
1355 3299 1609 3396 itaque
1682 3324 1832 3372 non
1899 3300 2297 3391 contend0,
2354 3325 2447 3373 ex
2504 3300 2873 3373 Soan‘rls
2927 3299 3175 3374 verbis

921 3447 1304 3521 apparere,
1365 3421 1780 3494 PLATONEM
1836 3420 2322 3519 theogoniam
2378 3423 2830 3497 abz'udicasse
2887 3422 2982 3495 ab
3038 3421 3173 3495 Or-

921 3549 1140 3641 phe0,
1211 3544 1344 3617 sed
1426 3568 1610 3615 uno
1687 3543 1865 3617 hoc
1938 3543 2158 3617 loco
2232 3543 2943 3636 demonstrari,
3021 3544 3172 3618 Or-

921 3669 1168 3765 pheo
1225 3664 1664 3739 adscribi
1712 3690 1758 3738 a
1806 3667 2163 3739 PLATONE
2218 3666 2856 3765 theogoniam
2904 3692 2948 3741 e
2995 3692 3173 3764 qua

917 3815 1259 3863 versus
1314 3786 1700 3861 laudati
1757 3803 1980 3861 sunt
2034 3789 2437 3884 sumpti,
2494 3788 2597 3860 id
2656 3814 2933 3887 nego,

1023 4002 1250 4099 Quod
1279 4001 1339 4074 si
1371 4003 1465 4075 de
1498 3998 1776 4097 Cratyli
1805 3999 1971 4073 loco
2001 4026 2259 4075 verum
2289 4016 2425 4092 est,
2459 4000 2692 4075 multo
2714 4001 2957 4100 magis
2976 4002 3172 4076 idem

917 4129 1010 4201 de
1059 4122 1338 4199 Phileb.
1393 4128 1491 4196 66
1526 4122 1588 4195 C
1635 4148 1799 4219 sqq.
1851 4138 1927 4195 et
1976 4122 2214 4221 Legg.
2270 4123 2337 4196 11
2390 4129 2540 4216 669
2573 4124 2645 4196 D
2695 4124 3171 4198 statuendum

917 4249 1224 4325 videtur.
1264 4246 1560 4339 Nempe
1590 4257 1907 4340 utroque
1935 4242 2101 4318 loco
2131 4244 2473 4318 carminis
2502 4246 2884 4319 cuiusdam
2913 4270 3172 4319 versus

913 4372 1328 4456 laudantur,
1413 4390 1562 4438 non
1648 4381 1727 4438 ut
1809 4365 2254 4440 sententiam
2330 4366 2487 4440 eius
2560 4366 2687 4464 qui
2763 4366 2937 4441 dicit
3010 4367 3170 4441 aliis

917 4490 1211 4589 probari
1286 4488 1743 4577 ostendatur,
1804 4513 1954 4560 non
2011 4503 2092 4561 ut
2148 4487 2625 4562 confirmetur
2680 4504 2808 4563 aut
2865 4491 3167 4563 demon·

962 4649 972 4653 -
994 4647 1103 4654 ———

1005 4724 1055 4791 1)
1091 4723 1197 4773 ο.1.
1237 4735 1391 4786 pagg.
1435 4727 1656 4779 14—32.
