<?xml version="1.0" encoding="UTF-8"?>
<!DOCTYPE html PUBLIC "-//W3C//DTD XHTML 1.0 Transitional//EN"
    "http://www.w3.org/TR/xhtml1/DTD/xhtml1-transitional.dtd">
<html xmlns="http://www.w3.org/1999/xhtml" xml:lang="en" lang="en">
 <head>
  <title>
</title>
<meta http-equiv="Content-Type" content="text/html;charset=utf-8" />
  <meta name='ocr-system' content='tesseract 3.04.00' />
  <meta name='ocr-capabilities' content='ocr_page ocr_carea ocr_par ocr_line ocrx_word'/>
</head>
<body>
  <div class='ocr_page' id='page_1' title='image "./deplatonepraeso02woltgoog_0175.png"; bbox 0 0 3717 5575; ppageno 0'>
   <div class='ocr_carea' id='block_1_1' title="bbox 836 660 908 732">
    <p class='ocr_par' dir='ltr' id='par_1_1' title="bbox 836 660 908 732">
     <span class='ocr_line' id='line_1_1' title="bbox 836 660 908 732; baseline -0.028 0"><span class='ocrx_word' id='word_1_1' title='bbox 836 660 908 732; x_wconf 81' lang='grc' dir='ltr'>ι59</span> 
     </span>
    </p>
   </div>
   <div class='ocr_carea' id='block_1_2' title="bbox 298 832 1486 3988">
    <p class='ocr_par' dir='ltr' id='par_1_2' title="bbox 298 832 1486 2889">
     <span class='ocr_line' id='line_1_2' title="bbox 299 832 1431 933; baseline -0.003 -24"><span class='ocrx_word' id='word_1_2' title='bbox 299 833 440 933; x_wconf 89' lang='lat' dir='ltr'>Cratyli</span> <span class='ocrx_word' id='word_1_3' title='bbox 476 832 561 909; x_wconf 91' lang='lat' dir='ltr'>loco</span> <span class='ocrx_word' id='word_1_4' title='bbox 598 835 719 908; x_wconf 90' lang='lat' dir='ltr'>dicam</span> <span class='ocrx_word' id='word_1_5' title='bbox 753 878 817 924; x_wconf 93' lang='lat'>—,</span> <span class='ocrx_word' id='word_1_6' title='bbox 851 832 909 907; x_wconf 91' lang='lat' dir='ltr'>hic</span> <span class='ocrx_word' id='word_1_7' title='bbox 937 832 1101 929; x_wconf 90' lang='lat' dir='ltr'>quidem,</span> <span class='ocrx_word' id='word_1_8' title='bbox 1131 833 1295 930; x_wconf 91' lang='lat' dir='ltr'>inquam,</span> <span class='ocrx_word' id='word_1_9' title='bbox 1324 832 1431 907; x_wconf 91' lang='lat' dir='ltr'>aliter</span> 
     </span>
     <span class='ocr_line' id='line_1_3' title="bbox 299 954 1431 1052; baseline -0.003 -21"><span class='ocrx_word' id='word_1_10' title='bbox 299 983 358 1031; x_wconf 88' lang='lat' dir='ltr'>res</span> <span class='ocrx_word' id='word_1_11' title='bbox 385 958 526 1032; x_wconf 89' lang='lat' dir='ltr'>habere</span> <span class='ocrx_word' id='word_1_12' title='bbox 554 981 595 1030; x_wconf 89' lang='lat' dir='ltr'>se</span> <span class='ocrx_word' id='word_1_13' title='bbox 623 956 786 1030; x_wconf 91' lang='lat' dir='ltr'>videtur:</span> <span class='ocrx_word' id='word_1_14' title='bbox 816 980 903 1029; x_wconf 91' lang='lat' dir='ltr'>nam</span> <span class='ocrx_word' id='word_1_15' title='bbox 924 954 1055 1050; x_wconf 79' lang='lat' dir='ltr'>primo</span> <span class='ocrx_word' id='word_1_16' title='bbox 1078 955 1128 1028; x_wconf 94' lang='lat' dir='ltr'>ab</span> <span class='ocrx_word' id='word_1_17' title='bbox 1152 955 1233 1052; x_wconf 92' lang='lat' dir='ltr'>ipso</span> <span class='ocrx_word' id='word_1_18' title='bbox 1257 955 1431 1029; x_wconf 77' lang='lat' dir='ltr'>Socnnnn</span> 
     </span>
     <span class='ocr_line' id='line_1_4' title="bbox 299 1072 1432 1182; baseline -0.004 -29"><span class='ocrx_word' id='word_1_19' title='bbox 299 1080 469 1153; x_wconf 89' lang='lat' dir='ltr'>dicuntur</span> <span class='ocrx_word' id='word_1_20' title='bbox 503 1077 565 1152; x_wconf 87' lang='lat' dir='ltr'>illa</span> <span class='ocrx_word' id='word_1_21' title='bbox 592 1079 675 1182; x_wconf 76' lang='grc' dir='ltr'>λέγει</span> <span class='ocrx_word' id='word_1_22' title='bbox 704 1080 744 1157; x_wconf 79' lang='grc' dir='ltr'>δέ</span> <span class='ocrx_word' id='word_1_23' title='bbox 768 1110 827 1157; x_wconf 78' lang='grc' dir='ltr'>που</span> <span class='ocrx_word' id='word_1_24' title='bbox 857 1084 914 1155; x_wconf 81' lang='grc' dir='ltr'>καὶ</span> <span class='ocrx_word' id='word_1_25' title='bbox 941 1072 1092 1181; x_wconf 70' lang='grc' dir='ltr'><em>Ὀρφεῦςς</em></span> <span class='ocrx_word' id='word_1_26' title='bbox 1122 1102 1190 1150; x_wconf 91' lang='lat' dir='ltr'>nec</span> <span class='ocrx_word' id='word_1_27' title='bbox 1217 1074 1372 1151; x_wconf 89' lang='lat' dir='ltr'>aliorum</span> <span class='ocrx_word' id='word_1_28' title='bbox 1402 1078 1432 1150; x_wconf 93' lang='lat' dir='ltr'>is</span> 
     </span>
     <span class='ocr_line' id='line_1_5' title="bbox 299 1199 1431 1298; baseline -0.004 -23"><span class='ocrx_word' id='word_1_29' title='bbox 299 1200 411 1275; x_wconf 84' lang='lat' dir='ltr'><strong>refert</strong></span> <span class='ocrx_word' id='word_1_30' title='bbox 434 1201 660 1298; x_wconf 83' lang='lat' dir='ltr'>opinionem,</span> <span class='ocrx_word' id='word_1_31' title='bbox 684 1201 751 1274; x_wconf 91' lang='lat' dir='ltr'>sed</span> <span class='ocrx_word' id='word_1_32' title='bbox 773 1225 879 1273; x_wconf 90' lang='lat' dir='ltr'>suam</span> <span class='ocrx_word' id='word_1_33' title='bbox 893 1199 1008 1295; x_wconf 83' lang='lat' dir='ltr'>ipsius</span> <span class='ocrx_word' id='word_1_34' title='bbox 1022 1199 1175 1295; x_wconf 88' lang='lat' dir='ltr'>exponit</span> <span class='ocrx_word' id='word_1_35' title='bbox 1189 1199 1431 1291; x_wconf 73' lang='lat' dir='ltr'>sententiam,</span> 
     </span>
     <span class='ocr_line' id='line_1_6' title="bbox 298 1319 1432 1419; baseline -0.004 -23"><span class='ocrx_word' id='word_1_36' title='bbox 298 1323 427 1397; x_wconf 70' lang='lat' dir='ltr'>deinde</span> <span class='ocrx_word' id='word_1_37' title='bbox 462 1322 551 1396; x_wconf 89' lang='lat' dir='ltr'>certi</span> <span class='ocrx_word' id='word_1_38' title='bbox 580 1321 732 1419; x_wconf 94' lang='lat' dir='ltr'>quidam</span> <span class='ocrx_word' id='word_1_39' title='bbox 760 1346 891 1395; x_wconf 89' lang='lat' dir='ltr'>versus</span> <span class='ocrx_word' id='word_1_40' title='bbox 918 1320 1006 1418; x_wconf 93' lang='lat' dir='ltr'>ipsis</span> <span class='ocrx_word' id='word_1_41' title='bbox 1033 1320 1157 1394; x_wconf 90' lang='lat' dir='ltr'>verbis</span> <span class='ocrx_word' id='word_1_42' title='bbox 1185 1319 1342 1418; x_wconf 91' lang='lat' dir='ltr'>Orpheo</span> <span class='ocrx_word' id='word_1_43' title='bbox 1369 1320 1432 1394; x_wconf 93' lang='lat' dir='ltr'>ad-</span> 
     </span>
     <span class='ocr_line' id='line_1_7' title="bbox 300 1441 1435 1541; baseline 0 -24"><span class='ocrx_word' id='word_1_44' title='bbox 300 1444 524 1518; x_wconf 87' lang='lat' dir='ltr'>scribuntur:</span> <span class='ocrx_word' id='word_1_45' title='bbox 564 1444 691 1541; x_wconf 91' lang='lat' dir='ltr'>itaque</span> <span class='ocrx_word' id='word_1_46' title='bbox 728 1444 790 1517; x_wconf 87' lang='lat' dir='ltr'>vix</span> <span class='ocrx_word' id='word_1_47' title='bbox 827 1443 960 1516; x_wconf 89' lang='lat' dir='ltr'>mirum</span> <span class='ocrx_word' id='word_1_48' title='bbox 996 1457 1065 1533; x_wconf 91' lang='lat' dir='ltr'>est,</span> <span class='ocrx_word' id='word_1_49' title='bbox 1103 1444 1133 1516; x_wconf 90' lang='lat' dir='ltr'>si</span> <span class='ocrx_word' id='word_1_50' title='bbox 1170 1468 1217 1516; x_wconf 86' lang='lat' dir='ltr'>ex</span> <span class='ocrx_word' id='word_1_51' title='bbox 1252 1441 1435 1517; x_wconf 89' lang='lat' dir='ltr'>hocloco</span> 
     </span>
     <span class='ocr_line' id='line_1_8' title="bbox 302 1564 1433 1663; baseline -0.001 -23"><span class='ocrx_word' id='word_1_52' title='bbox 302 1566 413 1641; x_wconf 87' lang='lat' dir='ltr'>efficit</span> <span class='ocrx_word' id='word_1_53' title='bbox 440 1565 597 1656; x_wconf 76' lang='lat' dir='ltr'>Wnsssn,</span> <span class='ocrx_word' id='word_1_54' title='bbox 625 1590 736 1639; x_wconf 93' lang='lat' dir='ltr'>nosse</span> <span class='ocrx_word' id='word_1_55' title='bbox 765 1565 974 1641; x_wconf 68' lang='lat' dir='ltr'>Psinounu</span> <span class='ocrx_word' id='word_1_56' title='bbox 1003 1564 1145 1662; x_wconf 84' lang='lat' dir='ltr'><strong>Orphei</strong></span> <span class='ocrx_word' id='word_1_57' title='bbox 1169 1565 1433 1663; x_wconf 81' lang='lat' dir='ltr'>theogoniam3</span> 
     </span>
     <span class='ocr_line' id='line_1_9' title="bbox 301 1686 1434 1786; baseline -0.001 -23"><span class='ocrx_word' id='word_1_58' title='bbox 301 1688 438 1763; x_wconf 90' lang='lat' dir='ltr'>scilicet</span> <span class='ocrx_word' id='word_1_59' title='bbox 461 1704 547 1786; x_wconf 91' lang='lat' dir='ltr'>post</span> <span class='ocrx_word' id='word_1_60' title='bbox 572 1689 796 1762; x_wconf 74' lang='lat' dir='ltr'>lonncmuu</span> <span class='ocrx_word' id='word_1_61' title='bbox 821 1688 870 1761; x_wconf 98' lang='lat' dir='ltr'>ad</span> <span class='ocrx_word' id='word_1_62' title='bbox 893 1687 1139 1785; x_wconf 85' lang='lat' dir='ltr'>theogoniam</span> <span class='ocrx_word' id='word_1_63' title='bbox 1163 1687 1288 1762; x_wconf 84' lang='lat' dir='ltr'>referri</span> <span class='ocrx_word' id='word_1_64' title='bbox 1312 1686 1434 1762; x_wconf 89' lang='lat' dir='ltr'>solere</span> 
     </span>
     <span class='ocr_line' id='line_1_10' title="bbox 302 1811 1432 1906; baseline -0.001 -22"><span class='ocrx_word' id='word_1_65' title='bbox 302 1811 371 1884; x_wconf 92' lang='lat' dir='ltr'>hos</span> <span class='ocrx_word' id='word_1_66' title='bbox 407 1835 556 1901; x_wconf 68' lang='lat' dir='ltr'>versus,</span> <span class='ocrx_word' id='word_1_67' title='bbox 595 1827 633 1884; x_wconf 92' lang='lat' dir='ltr'>et</span> <span class='ocrx_word' id='word_1_68' title='bbox 670 1811 879 1883; x_wconf 75' lang='lat' dir='ltr'>Pnnroueu</span> <span class='ocrx_word' id='word_1_69' title='bbox 917 1825 1048 1906; x_wconf 90' lang='lat' dir='ltr'>aperte</span> <span class='ocrx_word' id='word_1_70' title='bbox 1082 1834 1211 1883; x_wconf 93' lang='lat' dir='ltr'>eorum</span> <span class='ocrx_word' id='word_1_71' title='bbox 1241 1826 1432 1884; x_wconf 87' lang='lat' dir='ltr'>auctorem</span> 
     </span>
     <span class='ocr_line' id='line_1_11' title="bbox 300 1928 1486 2030; baseline -0.001 -23"><span class='ocrx_word' id='word_1_72' title='bbox 300 1934 463 2007; x_wconf 88' lang='lat' dir='ltr'>indicare</span> <span class='ocrx_word' id='word_1_73' title='bbox 492 1932 698 2030; x_wconf 90' lang='lat' dir='ltr'>Orpheum.</span> <span class='ocrx_word' id='word_1_74' title='bbox 710 1928 737 2029; x_wconf 83' lang='grc'>1)</span> <span class='ocrx_word' id='word_1_75' title='bbox 767 1931 906 2004; x_wconf 90' lang='lat' dir='ltr'>Verum</span> <span class='ocrx_word' id='word_1_76' title='bbox 937 1931 1128 2005; x_wconf 90' lang='lat' dir='ltr'>enimvero</span> <span class='ocrx_word' id='word_1_77' title='bbox 1156 1932 1185 2004; x_wconf 93' lang='lat' dir='ltr'>si</span> <span class='ocrx_word' id='word_1_78' title='bbox 1214 1931 1295 2006; x_wconf 91' lang='lat' dir='ltr'>sola</span> <span class='ocrx_word' id='word_1_79' title='bbox 1323 1933 1436 2029; x_wconf 91' lang='lat' dir='ltr'>ipsius</span> <span class='ocrx_word' id='word_1_80' title='bbox 1483 1989 1486 1994; x_wconf 82' lang='lat'>-</span> 
     </span>
     <span class='ocr_line' id='line_1_12' title="bbox 302 2053 1434 2152; baseline 0 -24"><span class='ocrx_word' id='word_1_81' title='bbox 302 2053 373 2130; x_wconf 93' lang='lat' dir='ltr'>loci</span> <span class='ocrx_word' id='word_1_82' title='bbox 401 2055 516 2129; x_wconf 88' lang='lat' dir='ltr'>verba</span> <span class='ocrx_word' id='word_1_83' title='bbox 541 2071 766 2151; x_wconf 75' lang='lat' dir='ltr'>spectamuS,</span> <span class='ocrx_word' id='word_1_84' title='bbox 792 2054 853 2127; x_wconf 86' lang='lat' dir='ltr'>vix</span> <span class='ocrx_word' id='word_1_85' title='bbox 878 2080 1088 2152; x_wconf 89' lang='lat' dir='ltr'>possumus,</span> <span class='ocrx_word' id='word_1_86' title='bbox 1113 2054 1200 2152; x_wconf 91' lang='lat' dir='ltr'>quin</span> <span class='ocrx_word' id='word_1_87' title='bbox 1226 2055 1434 2128; x_wconf 69' lang='lat' dir='ltr'>Pmouru</span> 
     </span>
     <span class='ocr_line' id='line_1_13' title="bbox 304 2177 1435 2277; baseline 0.001 -26"><span class='ocrx_word' id='word_1_88' title='bbox 304 2177 498 2277; x_wconf 88' lang='lat' dir='ltr'><strong>Orpheum</strong></span> <span class='ocrx_word' id='word_1_89' title='bbox 524 2179 693 2253; x_wconf 90' lang='lat' dir='ltr'>carminis</span> <span class='ocrx_word' id='word_1_90' title='bbox 715 2178 829 2276; x_wconf 91' lang='lat' dir='ltr'>ipsius</span> <span class='ocrx_word' id='word_1_91' title='bbox 851 2194 977 2253; x_wconf 90' lang='lat' dir='ltr'>aetate</span> <span class='ocrx_word' id='word_1_92' title='bbox 1001 2178 1078 2251; x_wconf 92' lang='lat' dir='ltr'>noti</span> <span class='ocrx_word' id='word_1_93' title='bbox 1102 2195 1292 2251; x_wconf 89' lang='lat' dir='ltr'>auctorem</span> <span class='ocrx_word' id='word_1_94' title='bbox 1313 2178 1435 2253; x_wconf 88' lang='lat' dir='ltr'>facere</span> 
     </span>
     <span class='ocr_line' id='line_1_14' title="bbox 304 2299 1437 2398; baseline -0.001 -22"><span class='ocrx_word' id='word_1_95' title='bbox 304 2318 522 2376; x_wconf 80' lang='lat' dir='ltr'>statuamus,</span> <span class='ocrx_word' id='word_1_96' title='bbox 559 2301 673 2396; x_wconf 82' lang='lat' dir='ltr'>Quod</span> <span class='ocrx_word' id='word_1_97' title='bbox 710 2302 739 2374; x_wconf 91' lang='lat' dir='ltr'>si</span> <span class='ocrx_word' id='word_1_98' title='bbox 777 2302 854 2374; x_wconf 92' lang='lat' dir='ltr'>iure</span> <span class='ocrx_word' id='word_1_99' title='bbox 887 2299 1005 2392; x_wconf 87' lang='lat' dir='ltr'>fieret,</span> <span class='ocrx_word' id='word_1_100' title='bbox 1035 2317 1221 2398; x_wconf 84' lang='lat' dir='ltr'>pugnaret</span> <span class='ocrx_word' id='word_1_101' title='bbox 1249 2301 1306 2375; x_wconf 93' lang='lat' dir='ltr'>hic</span> <span class='ocrx_word' id='word_1_102' title='bbox 1334 2300 1437 2375; x_wconf 88' lang='lat' dir='ltr'>locus</span> 
     </span>
     <span class='ocr_line' id='line_1_15' title="bbox 304 2423 1436 2520; baseline -0.002 -22"><span class='ocrx_word' id='word_1_103' title='bbox 304 2450 387 2499; x_wconf 91' lang='lat' dir='ltr'>cum</span> <span class='ocrx_word' id='word_1_104' title='bbox 426 2425 478 2515; x_wconf 89' lang='lat' dir='ltr'>iis,</span> <span class='ocrx_word' id='word_1_105' title='bbox 517 2449 612 2520; x_wconf 89' lang='lat' dir='ltr'>quos</span> <span class='ocrx_word' id='word_1_106' title='bbox 649 2423 720 2497; x_wconf 89' lang='lat' dir='ltr'>huc</span> <span class='ocrx_word' id='word_1_107' title='bbox 756 2449 874 2519; x_wconf 89' lang='lat' dir='ltr'>usque</span> <span class='ocrx_word' id='word_1_108' title='bbox 911 2424 1151 2497; x_wconf 85' lang='lat' dir='ltr'>tractavimus</span> <span class='ocrx_word' id='word_1_109' title='bbox 1188 2448 1362 2520; x_wconf 92' lang='lat' dir='ltr'>quaeque</span> <span class='ocrx_word' id='word_1_110' title='bbox 1390 2449 1436 2498; x_wconf 87' lang='lat' dir='ltr'>ex</span> 
     </span>
     <span class='ocr_line' id='line_1_16' title="bbox 304 2544 1435 2644; baseline -0.001 -24"><span class='ocrx_word' id='word_1_111' title='bbox 304 2547 346 2620; x_wconf 90' lang='lat' dir='ltr'>iis</span> <span class='ocrx_word' id='word_1_112' title='bbox 388 2571 486 2644; x_wconf 89' lang='lat' dir='ltr'>quae</span> <span class='ocrx_word' id='word_1_113' title='bbox 526 2547 573 2619; x_wconf 89' lang='lat' dir='ltr'>de</span> <span class='ocrx_word' id='word_1_114' title='bbox 610 2544 767 2642; x_wconf 91' lang='lat' dir='ltr'>Orpheo</span> <span class='ocrx_word' id='word_1_115' title='bbox 804 2546 905 2642; x_wconf 91' lang='lat' dir='ltr'>apud</span> <span class='ocrx_word' id='word_1_116' title='bbox 943 2547 1151 2619; x_wconf 70' lang='lat' dir='ltr'>Pinnorrnu</span> <span class='ocrx_word' id='word_1_117' title='bbox 1188 2546 1435 2636; x_wconf 90' lang='lat' dir='ltr'>inveniuntur,</span> 
     </span>
     <span class='ocr_line' id='line_1_17' title="bbox 304 2666 1436 2758; baseline -0.003 -15"><span class='ocrx_word' id='word_1_118' title='bbox 304 2667 505 2758; x_wconf 87' lang='lat' dir='ltr'>elicuimus,</span> <span class='ocrx_word' id='word_1_119' title='bbox 534 2666 590 2740; x_wconf 89' lang='lat' dir='ltr'>his</span> <span class='ocrx_word' id='word_1_120' title='bbox 618 2667 778 2741; x_wconf 89' lang='lat' dir='ltr'>obesset.</span> <span class='ocrx_word' id='word_1_121' title='bbox 804 2666 881 2741; x_wconf 91' lang='lat' dir='ltr'>Sed</span> <span class='ocrx_word' id='word_1_122' title='bbox 904 2692 1033 2741; x_wconf 87' lang='lat' dir='ltr'>veram</span> <span class='ocrx_word' id='word_1_123' title='bbox 1058 2693 1141 2742; x_wconf 89' lang='lat' dir='ltr'>esse</span> <span class='ocrx_word' id='word_1_124' title='bbox 1163 2667 1260 2742; x_wconf 93' lang='lat' dir='ltr'>hanc</span> <span class='ocrx_word' id='word_1_125' title='bbox 1276 2667 1436 2742; x_wconf 76' lang='lat' dir='ltr'>Wennnt</span> 
     </span>
     <span class='ocr_line' id='line_1_18' title="bbox 304 2789 1433 2889; baseline -0.001 -22"><span class='ocrx_word' id='word_1_126' title='bbox 304 2792 540 2881; x_wconf 86' lang='lat' dir='ltr'>sententiam,</span> <span class='ocrx_word' id='word_1_127' title='bbox 570 2789 671 2864; x_wconf 90' lang='lat' dir='ltr'>nullo</span> <span class='ocrx_word' id='word_1_128' title='bbox 699 2791 814 2865; x_wconf 92' lang='lat' dir='ltr'>modo</span> <span class='ocrx_word' id='word_1_129' title='bbox 843 2791 993 2887; x_wconf 92' lang='lat' dir='ltr'>probari</span> <span class='ocrx_word' id='word_1_130' title='bbox 1021 2817 1132 2889; x_wconf 87' lang='lat' dir='ltr'>posse</span> <span class='ocrx_word' id='word_1_131' title='bbox 1161 2792 1248 2865; x_wconf 92' lang='lat' dir='ltr'>mihi</span> <span class='ocrx_word' id='word_1_132' title='bbox 1277 2792 1433 2866; x_wconf 90' lang='lat' dir='ltr'>videtur.</span> 
     </span>
    </p>

    <p class='ocr_par' dir='ltr' id='par_1_3' title="bbox 306 2912 1439 3376">
     <span class='ocr_line' id='line_1_19' title="bbox 360 2912 1438 3010; baseline -0.001 -23"><span class='ocrx_word' id='word_1_133' title='bbox 360 2914 409 2987; x_wconf 91' lang='lat' dir='ltr'>Et</span> <span class='ocrx_word' id='word_1_134' title='bbox 436 2913 484 2986; x_wconf 90' lang='lat' dir='ltr'>de</span> <span class='ocrx_word' id='word_1_135' title='bbox 511 2912 718 3010; x_wconf 88' lang='lat' dir='ltr'>theogonia</span> <span class='ocrx_word' id='word_1_136' title='bbox 746 2912 803 2985; x_wconf 92' lang='lat' dir='ltr'>hic</span> <span class='ocrx_word' id='word_1_137' title='bbox 831 2937 1042 2986; x_wconf 90' lang='lat' dir='ltr'>sermonem</span> <span class='ocrx_word' id='word_1_138' title='bbox 1067 2938 1149 2987; x_wconf 86' lang='lat' dir='ltr'>esse</span> <span class='ocrx_word' id='word_1_139' title='bbox 1173 2912 1331 2988; x_wconf 87' lang='lat' dir='ltr'>libenter</span> <span class='ocrx_word' id='word_1_140' title='bbox 1353 2939 1438 2987; x_wconf 89' lang='lat' dir='ltr'>con·</span> 
     </span>
     <span class='ocr_line' id='line_1_20' title="bbox 306 3033 1439 3133; baseline -0.002 -22"><span class='ocrx_word' id='word_1_141' title='bbox 306 3037 421 3125; x_wconf 84' lang='lat' dir='ltr'>cedo;</span> <span class='ocrx_word' id='word_1_142' title='bbox 457 3036 570 3109; x_wconf 93' lang='lat' dir='ltr'>etiam</span> <span class='ocrx_word' id='word_1_143' title='bbox 599 3033 686 3108; x_wconf 91' lang='lat' dir='ltr'>illud</span> <span class='ocrx_word' id='word_1_144' title='bbox 714 3035 892 3132; x_wconf 85' lang='lat' dir='ltr'>adiungo,</span> <span class='ocrx_word' id='word_1_145' title='bbox 921 3059 1104 3133; x_wconf 90' lang='lat' dir='ltr'>apparere</span> <span class='ocrx_word' id='word_1_146' title='bbox 1133 3062 1178 3110; x_wconf 85' lang='lat' dir='ltr'>ex</span> <span class='ocrx_word' id='word_1_147' title='bbox 1206 3035 1276 3111; x_wconf 91' lang='lat' dir='ltr'>loci</span> <span class='ocrx_word' id='word_1_148' title='bbox 1304 3037 1439 3128; x_wconf 89' lang='lat' dir='ltr'>verbis,</span> 
     </span>
     <span class='ocr_line' id='line_1_21' title="bbox 306 3156 1438 3256; baseline 0 -25"><span class='ocrx_word' id='word_1_149' title='bbox 306 3158 550 3255; x_wconf 78' lang='lat' dir='ltr'>theogeniam</span> <span class='ocrx_word' id='word_1_150' title='bbox 588 3157 684 3231; x_wconf 92' lang='lat' dir='ltr'>hanc</span> <span class='ocrx_word' id='word_1_151' title='bbox 721 3157 909 3230; x_wconf 75' lang='lat' dir='ltr'>PLATouts</span> <span class='ocrx_word' id='word_1_152' title='bbox 942 3173 1068 3231; x_wconf 90' lang='lat' dir='ltr'>aetate</span> <span class='ocrx_word' id='word_1_153' title='bbox 1098 3156 1253 3256; x_wconf 88' lang='lat' dir='ltr'>Orpheo</span> <span class='ocrx_word' id='word_1_154' title='bbox 1281 3159 1438 3232; x_wconf 89' lang='lat' dir='ltr'>adscribi</span> 
     </span>
     <span class='ocr_line' id='line_1_22' title="bbox 306 3277 1140 3376; baseline 0 -22"><span class='ocrx_word' id='word_1_155' title='bbox 306 3296 344 3354; x_wconf 91' lang='lat' dir='ltr'>et</span> <span class='ocrx_word' id='word_1_156' title='bbox 372 3279 515 3376; x_wconf 89' lang='lat' dir='ltr'>Orphei</span> <span class='ocrx_word' id='word_1_157' title='bbox 544 3280 694 3354; x_wconf 90' lang='lat' dir='ltr'>nomine</span> <span class='ocrx_word' id='word_1_158' title='bbox 722 3281 842 3354; x_wconf 93' lang='lat' dir='ltr'>notari</span> <span class='ocrx_word' id='word_1_159' title='bbox 869 3277 1018 3353; x_wconf 90' lang='lat' dir='ltr'>solitam</span> <span class='ocrx_word' id='word_1_160' title='bbox 1046 3305 1140 3354; x_wconf 90' lang='lat' dir='ltr'>esse.</span> 
     </span>
    </p>

    <p class='ocr_par' dir='ltr' id='par_1_4' title="bbox 306 3400 1440 3988">
     <span class='ocr_line' id='line_1_23' title="bbox 360 3400 1438 3499; baseline 0.001 -23"><span class='ocrx_word' id='word_1_161' title='bbox 360 3402 480 3499; x_wconf 87' lang='lat' dir='ltr'>Atqui</span> <span class='ocrx_word' id='word_1_162' title='bbox 505 3403 575 3476; x_wconf 92' lang='lat' dir='ltr'>hoc</span> <span class='ocrx_word' id='word_1_163' title='bbox 599 3427 758 3498; x_wconf 92' lang='lat' dir='ltr'>quaero:</span> <span class='ocrx_word' id='word_1_164' title='bbox 784 3427 922 3475; x_wconf 91' lang='lat' dir='ltr'>numne</span> <span class='ocrx_word' id='word_1_165' title='bbox 938 3400 1044 3497; x_wconf 92' lang='lat' dir='ltr'>plura</span> <span class='ocrx_word' id='word_1_166' title='bbox 1058 3403 1151 3476; x_wconf 87' lang='lat' dir='ltr'>effici</span> <span class='ocrx_word' id='word_1_167' title='bbox 1166 3401 1270 3477; x_wconf 86' lang='lat' dir='ltr'>licet?</span> <span class='ocrx_word' id='word_1_168' title='bbox 1286 3404 1438 3477; x_wconf 90' lang='lat' dir='ltr'>Numne</span> 
     </span>
     <span class='ocr_line' id='line_1_24' title="bbox 306 3524 1439 3622; baseline 0.001 -23"><span class='ocrx_word' id='word_1_169' title='bbox 306 3526 417 3600; x_wconf 93' lang='lat' dir='ltr'>etiam</span> <span class='ocrx_word' id='word_1_170' title='bbox 446 3524 511 3597; x_wconf 76' lang='lat' dir='ltr'>lter</span> <span class='ocrx_word' id='word_1_171' title='bbox 538 3541 707 3621; x_wconf 90' lang='lat' dir='ltr'>apparet,</span> <span class='ocrx_word' id='word_1_172' title='bbox 737 3524 893 3620; x_wconf 89' lang='lat' dir='ltr'>ipsum</span> <span class='ocrx_word' id='word_1_173' title='bbox 923 3524 1132 3597; x_wconf 72' lang='lat' dir='ltr'>Pnnrounu</span> <span class='ocrx_word' id='word_1_174' title='bbox 1156 3524 1312 3622; x_wconf 92' lang='lat' dir='ltr'>Orpheo</span> <span class='ocrx_word' id='word_1_175' title='bbox 1336 3527 1439 3601; x_wconf 93' lang='lat' dir='ltr'>theo·</span> 
     </span>
     <span class='ocr_line' id='line_1_25' title="bbox 306 3644 1440 3745; baseline 0.003 -25"><span class='ocrx_word' id='word_1_176' title='bbox 306 3647 459 3745; x_wconf 85' lang='lat' dir='ltr'>goniam</span> <span class='ocrx_word' id='word_1_177' title='bbox 487 3645 584 3719; x_wconf 91' lang='lat' dir='ltr'>hanc</span> <span class='ocrx_word' id='word_1_178' title='bbox 611 3646 792 3719; x_wconf 86' lang='lat' dir='ltr'>tribuere?</span> <span class='ocrx_word' id='word_1_179' title='bbox 822 3644 909 3719; x_wconf 93' lang='lat' dir='ltr'>Non</span> <span class='ocrx_word' id='word_1_180' title='bbox 938 3671 1054 3743; x_wconf 86' lang='lat' dir='ltr'>rogo:</span> <span class='ocrx_word' id='word_1_181' title='bbox 1078 3647 1264 3722; x_wconf 89' lang='lat' dir='ltr'>tribuatne</span> <span class='ocrx_word' id='word_1_182' title='bbox 1288 3651 1440 3723; x_wconf 86' lang='lat' dir='ltr'>revera?</span> 
     </span>
     <span class='ocr_line' id='line_1_26' title="bbox 307 3768 1440 3856; baseline 0.001 -12"><span class='ocrx_word' id='word_1_183' title='bbox 307 3771 391 3844; x_wconf 91' lang='lat' dir='ltr'>sed:</span> <span class='ocrx_word' id='word_1_184' title='bbox 430 3794 515 3842; x_wconf 90' lang='lat' dir='ltr'>eum</span> <span class='ocrx_word' id='word_1_185' title='bbox 554 3768 742 3856; x_wconf 85' lang='lat' dir='ltr'>tribuisse,</span> <span class='ocrx_word' id='word_1_186' title='bbox 781 3794 829 3841; x_wconf 80' lang='lat' dir='ltr'>ex</span> <span class='ocrx_word' id='word_1_187' title='bbox 865 3768 930 3842; x_wconf 81' lang='lat' dir='ltr'>lroc</span> <span class='ocrx_word' id='word_1_188' title='bbox 962 3770 1035 3842; x_wconf 83' lang='lat' dir='ltr'>loco</span> <span class='ocrx_word' id='word_1_189' title='bbox 1061 3770 1157 3843; x_wconf 92' lang='lat' dir='ltr'>sitne</span> <span class='ocrx_word' id='word_1_190' title='bbox 1185 3771 1440 3846; x_wconf 81' lang='lat' dir='ltr'>manifestum?</span> 
     </span>
     <span class='ocr_line' id='line_1_27' title="bbox 310 3890 999 3988; baseline -0.001 -24"><span class='ocrx_word' id='word_1_191' title='bbox 310 3891 428 3965; x_wconf 91' lang='lat' dir='ltr'>Mihi</span> <span class='ocrx_word' id='word_1_192' title='bbox 466 3890 712 3988; x_wconf 90' lang='lat' dir='ltr'>persuasi,</span> <span class='ocrx_word' id='word_1_193' title='bbox 750 3915 841 3962; x_wconf 93' lang='lat' dir='ltr'>non</span> <span class='ocrx_word' id='word_1_194' title='bbox 879 3915 999 3963; x_wconf 90' lang='lat' dir='ltr'>esse.</span> 
     </span>
    </p>
   </div>
   <div class='ocr_carea' id='block_1_3' title="bbox 304 4076 498 4087">
    <p class='ocr_par' dir='ltr' id='par_1_5' title="bbox 304 4076 498 4087">
     <span class='ocr_line' id='line_1_28' title="bbox 304 4076 498 4087; baseline -0.01 0"><span class='ocrx_word' id='word_1_195' title='bbox 304 4076 498 4087; x_wconf 80' lang='lat'><strong>—-—-——-</strong></span> 
     </span>
    </p>
   </div>
   <div class='ocr_carea' id='block_1_4' title="bbox 306 4177 1441 4763">
    <p class='ocr_par' dir='ltr' id='par_1_6' title="bbox 306 4177 1441 4503">
     <span class='ocr_line' id='line_1_29' title="bbox 355 4177 1441 4248; baseline 0.002 -18"><span class='ocrx_word' id='word_1_196' title='bbox 355 4183 381 4248; x_wconf 88' lang='lat' dir='ltr'>r)</span> <span class='ocrx_word' id='word_1_197' title='bbox 399 4181 503 4229; x_wconf 63' lang='grc' dir='ltr'>Ἥκω</span> <span class='ocrx_word' id='word_1_198' title='bbox 528 4195 552 4232; x_wconf 90' lang='grc' dir='ltr'>ο.</span> <span class='ocrx_word' id='word_1_199' title='bbox 567 4179 586 4229; x_wconf 89' lang='grc'>1.</span> <span class='ocrx_word' id='word_1_200' title='bbox 611 4195 669 4244; x_wconf 75' lang='lat' dir='ltr'>pag.</span> <span class='ocrx_word' id='word_1_201' title='bbox 690 4177 738 4242; x_wconf 86' lang='lat'>36:</span> <span class='ocrx_word' id='word_1_202' title='bbox 759 4179 969 4242; x_wconf 83' lang='lat' dir='ltr'>„verschiedene</span> <span class='ocrx_word' id='word_1_203' title='bbox 988 4178 1088 4229; x_wconf 84' lang='lat' dir='ltr'>Stellen</span> <span class='ocrx_word' id='word_1_204' title='bbox 1107 4180 1207 4246; x_wconf 84' lang='lat' dir='ltr'>zeigen,</span> <span class='ocrx_word' id='word_1_205' title='bbox 1224 4181 1283 4231; x_wconf 78' lang='lat' dir='ltr'>dass</span> <span class='ocrx_word' id='word_1_206' title='bbox 1302 4182 1356 4231; x_wconf 86' lang='lat' dir='ltr'>ihm</span> <span class='ocrx_word' id='word_1_207' title='bbox 1374 4183 1441 4233; x_wconf 79' lang='lat' dir='ltr'>auch</span> 
     </span>
     <span class='ocr_line' id='line_1_30' title="bbox 308 4265 1439 4335; baseline 0.003 -19"><span class='ocrx_word' id='word_1_208' title='bbox 308 4269 367 4318; x_wconf 86' lang='lat' dir='ltr'>eine</span> <span class='ocrx_word' id='word_1_209' title='bbox 392 4266 546 4331; x_wconf 79' lang='lat' dir='ltr'>Theogonie</span> <span class='ocrx_word' id='word_1_210' title='bbox 570 4265 616 4314; x_wconf 86' lang='lat' dir='ltr'>des</span> <span class='ocrx_word' id='word_1_211' title='bbox 638 4265 671 4313; x_wconf 93' lang='lat' dir='ltr'>O.</span> <span class='ocrx_word' id='word_1_212' title='bbox 690 4265 807 4315; x_wconf 72' lang='lat' dir='ltr'>bekannt</span> <span class='ocrx_word' id='word_1_213' title='bbox 826 4281 885 4315; x_wconf 75' lang='lat' dir='ltr'>war.</span> <span class='ocrx_word' id='word_1_214' title='bbox 905 4266 956 4315; x_wconf 89' lang='lat' dir='ltr'>Die</span> <span class='ocrx_word' id='word_1_215' title='bbox 976 4266 1011 4314; x_wconf 88' lang='lat' dir='ltr'>im</span> <span class='ocrx_word' id='word_1_216' title='bbox 1030 4266 1099 4316; x_wconf 77' lang='lat' dir='ltr'>Crat.</span> <span class='ocrx_word' id='word_1_217' title='bbox 1119 4283 1146 4332; x_wconf 89' lang='lat' dir='ltr'>p.</span> <span class='ocrx_word' id='word_1_218' title='bbox 1164 4269 1248 4329; x_wconf 77' lang='lat' dir='ltr'><strong>402ss</strong></span> <span class='ocrx_word' id='word_1_219' title='bbox 1268 4269 1439 4335; x_wconf 80' lang='lat' dir='ltr'>angefuhrten</span> 
     </span>
     <span class='ocr_line' id='line_1_31' title="bbox 310 4352 1441 4417; baseline 0.003 -14"><span class='ocrx_word' id='word_1_220' title='bbox 310 4353 459 4403; x_wconf 81' lang='lat' dir='ltr'>Verse....</span> <span class='ocrx_word' id='word_1_221' title='bbox 484 4352 588 4401; x_wconf 79' lang='lat' dir='ltr'>werden</span> <span class='ocrx_word' id='word_1_222' title='bbox 617 4352 666 4401; x_wconf 88' lang='lat' dir='ltr'>seit</span> <span class='ocrx_word' id='word_1_223' title='bbox 693 4352 800 4402; x_wconf 84' lang='lat' dir='ltr'>Lobeck</span> <span class='ocrx_word' id='word_1_224' title='bbox 825 4352 852 4401; x_wconf 90' lang='lat' dir='ltr'>in</span> <span class='ocrx_word' id='word_1_225' title='bbox 878 4352 936 4401; x_wconf 86' lang='lat' dir='ltr'>eine</span> <span class='ocrx_word' id='word_1_226' title='bbox 960 4352 1114 4417; x_wconf 80' lang='lat' dir='ltr'>Theogonie</span> <span class='ocrx_word' id='word_1_227' title='bbox 1138 4356 1350 4406; x_wconf 84' lang='lat' dir='ltr'>verwiesen....</span> <span class='ocrx_word' id='word_1_228' title='bbox 1376 4356 1441 4406; x_wconf 86' lang='lat' dir='ltr'>Also</span> 
     </span>
     <span class='ocr_line' id='line_1_32' title="bbox 306 4437 895 4503; baseline 0 -14"><span class='ocrx_word' id='word_1_229' title='bbox 306 4440 365 4490; x_wconf 84' lang='lat' dir='ltr'>eine</span> <span class='ocrx_word' id='word_1_230' title='bbox 384 4438 537 4503; x_wconf 78' lang='lat' dir='ltr'>Theogonie</span> <span class='ocrx_word' id='word_1_231' title='bbox 555 4437 602 4488; x_wconf 86' lang='lat' dir='ltr'>des</span> <span class='ocrx_word' id='word_1_232' title='bbox 621 4437 654 4487; x_wconf 92' lang='grc' dir='ltr'>Ο.</span> <span class='ocrx_word' id='word_1_233' title='bbox 673 4438 757 4488; x_wconf 86' lang='lat' dir='ltr'>zitiert</span> <span class='ocrx_word' id='word_1_234' title='bbox 776 4437 895 4489; x_wconf 81' lang='lat' dir='ltr'>Platon.’‘</span> 
     </span>
    </p>

    <p class='ocr_par' dir='ltr' id='par_1_7' title="bbox 307 4524 1441 4763">
     <span class='ocr_line' id='line_1_33' title="bbox 350 4524 1441 4593; baseline 0.005 -19"><span class='ocrx_word' id='word_1_235' title='bbox 350 4541 411 4591; x_wconf 77' lang='lat' dir='ltr'>pag.</span> <span class='ocrx_word' id='word_1_236' title='bbox 431 4537 480 4588; x_wconf 85' lang='lat'>33:</span> <span class='ocrx_word' id='word_1_237' title='bbox 501 4525 599 4589; x_wconf 80' lang='lat' dir='ltr'>„verse</span> <span class='ocrx_word' id='word_1_238' title='bbox 617 4541 670 4574; x_wconf 76' lang='lat' dir='ltr'>ron</span> <span class='ocrx_word' id='word_1_239' title='bbox 689 4524 722 4575; x_wconf 89' lang='grc' dir='ltr'>Ο.</span> <span class='ocrx_word' id='word_1_240' title='bbox 742 4526 846 4575; x_wconf 84' lang='lat' dir='ltr'>werden</span> <span class='ocrx_word' id='word_1_241' title='bbox 866 4541 1016 4591; x_wconf 73' lang='lat' dir='ltr'>angotogen</span> <span class='ocrx_word' id='word_1_242' title='bbox 1033 4526 1130 4590; x_wconf 78' lang='lat' dir='ltr'>Cratyl.</span> <span class='ocrx_word' id='word_1_243' title='bbox 1146 4544 1172 4593; x_wconf 87' lang='lat' dir='ltr'>p.</span> <span class='ocrx_word' id='word_1_244' title='bbox 1182 4529 1330 4591; x_wconf 83' lang='lat' dir='ltr'>402Bund</span> <span class='ocrx_word' id='word_1_245' title='bbox 1340 4530 1441 4580; x_wconf 88' lang='lat' dir='ltr'>Phileb.</span> 
     </span>
     <span class='ocr_line' id='line_1_34' title="bbox 307 4610 1441 4677; baseline 0.004 -17"><span class='ocrx_word' id='word_1_246' title='bbox 307 4628 334 4677; x_wconf 90' lang='lat' dir='ltr'>p.</span> <span class='ocrx_word' id='word_1_247' title='bbox 352 4611 387 4661; x_wconf 86' lang='lat'>66</span> <span class='ocrx_word' id='word_1_248' title='bbox 398 4612 428 4677; x_wconf 79' lang='lat' dir='ltr'>C,</span> <span class='ocrx_word' id='word_1_249' title='bbox 447 4611 480 4661; x_wconf 84' lang='lat' dir='ltr'>de</span> <span class='ocrx_word' id='word_1_250' title='bbox 499 4610 568 4676; x_wconf 81' lang='lat' dir='ltr'>legg.</span> <span class='ocrx_word' id='word_1_251' title='bbox 588 4626 614 4675; x_wconf 91' lang='lat' dir='ltr'>p.</span> <span class='ocrx_word' id='word_1_252' title='bbox 633 4610 736 4675; x_wconf 77' lang='lat'><strong>66903</strong></span> <span class='ocrx_word' id='word_1_253' title='bbox 755 4627 788 4660; x_wconf 84' lang='lat' dir='ltr'>an</span> <span class='ocrx_word' id='word_1_254' title='bbox 807 4611 898 4661; x_wconf 83' lang='lat' dir='ltr'>diesen</span> <span class='ocrx_word' id='word_1_255' title='bbox 918 4623 933 4674; x_wconf 90' lang='lat'>3</span> <span class='ocrx_word' id='word_1_256' title='bbox 954 4611 1054 4662; x_wconf 84' lang='lat' dir='ltr'>Stellen</span> <span class='ocrx_word' id='word_1_257' title='bbox 1074 4614 1140 4663; x_wconf 72' lang='lat' dir='ltr'>vird</span> <span class='ocrx_word' id='word_1_258' title='bbox 1158 4630 1185 4664; x_wconf 86' lang='lat' dir='ltr'>er</span> <span class='ocrx_word' id='word_1_259' title='bbox 1202 4615 1386 4666; x_wconf 77' lang='lat' dir='ltr'>ausdrucklich</span> <span class='ocrx_word' id='word_1_260' title='bbox 1401 4616 1441 4665; x_wconf 82' lang='lat' dir='ltr'>als</span> 
     </span>
     <span class='ocr_line' id='line_1_35' title="bbox 308 4696 552 4763; baseline -0.004 -15"><span class='ocrx_word' id='word_1_261' title='bbox 308 4700 391 4748; x_wconf 79' lang='lat' dir='ltr'>Autor</span> <span class='ocrx_word' id='word_1_262' title='bbox 409 4696 552 4763; x_wconf 47' lang='lat' dir='ltr'>genennt?</span> 
     </span>
    </p>
   </div>
   <div class='ocr_carea' id='block_1_5' title="bbox 0 0 1876 5575">
    <p class='ocr_par' dir='ltr' id='par_1_8' title="bbox 0 0 1876 5575">
     <span class='ocr_line' id='line_1_36' title="bbox 0 0 1876 5575; baseline 0 0"><span class='ocrx_word' id='word_1_263' title='bbox 0 0 1876 5575; x_wconf 95' lang='lat' dir='ltr'> </span> 
     </span>
    </p>
   </div>
  </div>
 </body>
</html>
