3717 5575
1644 693 1779 764 145

577 871 828 978 ᾅδειν
887 872 1329 974 α’δόκιμον
1399 878 1772 974 μοῦσαν,
1841 863 2040 973 μηδ’
2097 866 2193 946 ἂν
2251 869 2533 952 ἡδίων
2591 861 2634 969 ᾖ
2692 886 2784 944 τῶ
2812 904 2844 948 ν

576 992 996 1098 Θαμύρου
1064 1026 1145 1071 τε
1201 996 1356 1071 καί
1410 989 1721 1097 Ὀρφέω
1749 1027 1782 1085 ς
1839 988 2162 1095 ὕμνων,
2218 990 2748 1064 manifesta
2776 1020 2844 1064 m

572 1134 744 1207 est,
804 1118 1044 1190 haec
1108 1115 1502 1188 nomina
1560 1116 2048 1188 duntaxat
2103 1111 2524 1210 exempli
2571 1137 2848 1188 causa

571 1240 919 1314 afferri
968 1263 1504 1335 eorumque
1553 1236 1772 1311 loco
1820 1237 2122 1311 etiam
2174 1236 2608 1309 Sirenum
2656 1260 2844 1308 can-

572 1380 726 1437 tus
779 1361 1243 1459 usurpari
1302 1360 1833 1458 potuisse.”

678 1485 793 1559 Ea
870 1508 1066 1581 quae
1140 1483 1285 1556 huc
1344 1508 1578 1579 usque
1634 1483 1835 1580 apud
1894 1483 2311 1555 PLATONEM
2376 1481 2471 1554 de
2531 1480 2844 1577 Orpheo

572 1607 984 1681 invenimus
1059 1605 1358 1697 tradita,
1415 1606 1538 1679 vix
1586 1605 1841 1679 favere
1895 1605 2245 1679 videntur
2302 1604 2628 1678 WEBERI
2684 1632 2844 1676 sen.-

569 1728 888 1803 tentiae:
947 1727 1336 1801 videamus
1391 1727 1635 1825 igitur,
1694 1742 1940 1801 utrum
1988 1743 2248 1802 contra
2295 1727 2599 1802 valeant
2645 1756 2836 1824 quae

579 1850 693 1923 hic
750 1851 1041 1948 Legum
1097 1849 1302 1923 locus
1357 1851 1677 1925 exhibet.

680 1971 998 2063 wenna,
1030 1988 1110 2045 ut
1131 1972 1555 2069 opinionem
1577 1997 1787 2046 suam
1814 1973 2108 2069 probet,
2133 1987 2393 2046 contra
2414 1972 2836 2070 oppositam

568 2096 934 2168 Lonncxu
1007 2095 1446 2169 sententiam
1525 2096 1672 2169 duo
1748 2095 2216 2193 potissimum
2283 2094 2565 2191 profert
2620 2121 2836 2192 argu*

569 2232 862 2290 menta:
952 2214 1043 2291 1⁰.
1107 2218 1311 2314 quod
1369 2243 1463 2290 ex
1520 2218 1680 2314 ipso
1738 2218 2136 2291 verborum
2196 2232 2546 2290 contextu
2603 2242 2832 2316 appa-

569 2355 751 2430 reat,
829 2339 926 2411 ad
1005 2365 1053 2435 p
1076 2364 1122 2411 o
1144 2349 1187 2411 e
1208 2356 1237 2413 t
1258 2364 1306 2412 a
1327 2365 1399 2411 m
1476 2339 1867 2437 Orpheum
1926 2339 2212 2436 respici,
2271 2364 2421 2412 non
2481 2339 2579 2412 ad
2635 2366 2736 2412 ca
2760 2364 2832 2412 n-

570 2476 600 2533 t
619 2486 664 2533 o
683 2486 719 2533 r
739 2486 781 2533 e
805 2486 878 2532 m
962 2459 1223 2551 solum,
1310 2488 1477 2535 cum
1562 2463 1958 2536 manifesto
2043 2478 2315 2561 agatur
2387 2461 2483 2534 de
2558 2465 2624 2539 ἱε
2643 2496 2684 2565 ρ
2704 2496 2736 2540 ει
2760 2472 2784 2536 Ξ
2800 2500 2832 2556 ς

566 2614 663 2660 πο
683 2615 701 2659 ι
722 2585 762 2666 ἦ
788 2615 843 2685 μ
864 2614 1006 2661 ασι
1033 2619 1049 2674 3
1115 2581 1211 2656 2⁰.
1274 2586 1478 2681 quod
1536 2610 1687 2658 non
1744 2586 2064 2682 quadret
2112 2585 2208 2659 ad
2259 2585 2626 2658 LOBECKH
2672 2612 2828 2656 sen-

568 2704 875 2777 tentiam
905 2705 1110 2778 vocis
1138 2731 1333 2802 quae
1364 2722 1479 2779 est
1506 2705 1707 2812 ὕμνος
1737 2707 2094 2801 definitio,
2128 2733 2356 2807 quam
2388 2708 2546 2804 ipse
2579 2707 2832 2781 Pfflm

570 2827 915 2900 exhibeat
973 2827 1214 2926 Legg.
1276 2855 1346 2926 p.
1390 2851 1539 2923 7oo
1571 2831 1652 2904 B.
1678 2827 1730 2929 1)

674 2949 1151 3047 Argumenta
1208 2951 1394 3024 haec
1452 2977 1598 3025 non
1650 2950 1856 3027 multi
1907 2953 2118 3050 pretii
2169 2978 2334 3026 esse
2379 2953 2554 3026 mihi
2582 2954 2836 3026 viden-

568 3087 702 3146 tur.
753 3072 1059 3163 Prima,
1110 3074 1338 3169 quod,
1392 3090 1473 3147 ut
1501 3076 1871 3173 posterius
1899 3075 2243 3167 affirmet,
2276 3075 2374 3148 ad
2387 3076 2493 3148 dit
2523 3074 2836 3147 WEBER:

578 3195 971 3292 ,Hymnos
1037 3194 1470 3271 bezeichnet
1545 3196 1705 3272 also
1762 3198 1964 3272 nicht
2023 3198 2142 3271 die
2202 3195 2531 3270 Melodie
2590 3195 2832 3285 allen-1,

570 3317 889 3390 sondern
975 3317 1113 3389 das
1196 3318 1266 3390 in
1348 3318 1677 3392 Melodie
1751 3335 2084 3417 gesetzte
2160 3317 2485 3408 Gebet”,
2563 3321 2836 3393 refutat

571 3463 762 3536 quae
819 3463 970 3511 non
1028 3440 1413 3513 contendit
1459 3440 1885 3516 Lonsscxms
1912 3477 1927 3535 3
1978 3442 2205 3515 immo
2254 3440 2527 3515 diserte
2575 3441 2635 3514 is
2664 3441 2832 3513 dicit

570 3586 746 3659 pag.
808 3564 1001 3653 389:
1064 3562 1418 3659 „Loquor
1464 3562 1562 3636 de
1608 3564 1715 3655 iis,
1764 3564 1890 3661 qui
1938 3562 2164 3637 literis
2191 3563 2607 3660 consignati
2637 3581 2828 3637 sunt.

656 3868 709 3935 1)
745 3885 794 3920 o.
814 3869 850 3918 1.
902 3885 1019 3933 pag.
1072 3865 1431 3935 34:}„Wenn
1483 3871 1717 3935 Lobeck,
1768 3870 1890 3935 Agl.
1930 3885 1981 3935 p.
2022 3868 2126 3934 389
2164 3869 2200 3919 f.
2238 3869 2525 3935 bestreitet,
2562 3868 2680 3918 dass
2716 3885 2832 3917 man

565 3955 841 4020 orphische
881 3955 1127 4019 Hymnen
1169 3956 1239 4004 im
1278 3956 1539 4005 Altertum
1576 3957 1786 4021 gelesen
1826 3956 1962 4005 habe
1999 3955 2109 4005 und
2139 3955 2444 4021 behauptet,
2483 3956 2664 4005 Platon
2704 3957 2832 4005 habe

567 4041 664 4091 den
717 4041 784 4093 O.
832 4057 931 4091 nur
973 4042 1051 4091 als
1099 4042 1329 4107 Beispiel
1379 4058 1710 4108 genommen,
1760 4056 1843 4093 wo
1891 4058 1946 4092 er
1975 4038 2280 4110 {ebensogut
2317 4041 2401 4091 die
2440 4041 2651 4091 Sirenen
2696 4045 2836 4093 hatte

565 4127 789 4177 nebmen
838 4127 1075 4194 konnen,
1120 4128 1254 4178 habe
1306 4128 1420 4179 hier
1452 4129 1576 4192 ,also
1625 4129 1726 4178 den
1780 4128 1846 4178 O.
1897 4129 2043 4177 nieht
2093 4143 2152 4178 so
2200 4127 2319 4178 sehr
2355 4128 2431 4178 als
2469 4127 2704 4193 Dichter.
2744 4129 2836 4177 wic

567 4214 817 4263 vielmebr
864 4214 941 4264 als
988 4214 1246 4279 Sanger
1295 4216 1546 4281 gemeint,
1593 4232 1650 4266 so
1701 4216 1900 4265 stimmt
1947 4216 2040 4265 das
2077 4214 2224 4265 nicht
2260 4229 2551 4264 zusammen
2589 4214 2680 4262 mit
2720 4215 2836 4261 dem

567 4315 765 4364 ganzen
795 4301 1264 4367 Zusammenhang‚
1297 4318 1377 4351 wo
1413 4302 1645 4352 deutlich
1673 4319 1849 4368 genug
1867 4318 1969 4352 von
1988 4301 2092 4351 den
2110 4299 2213 4361 ἱερὰ
2231 4296 2495 4362 ποιήματα
2514 4301 2836 4365 gesprncbcn

568 4386 662 4454 ἱεῖς
708 4402 763 4436 es
812 4387 1009 4436 stimmt
1062 4388 1186 4437 aber
1222 4388 1354 4437 auch
1392 4387 1538 4438 nicht
1577 4404 1665 4438 zur
1701 4388 2012 4454 Definition,
2048 4388 2134 4437 die
2172 4386 2356 4437 Platon
2394 4387 2556 4437 selbst
2596 4403 2696 4437 von
2736 4389 2836 4435 den

566 4469 701 4531 ὕμνοι
749 4473 815 4522 de
866 4473 1004 4539 legg.
1057 4489 1110 4539 p.
1167 4485 1269 4537 700
1291 4475 1332 4523 B
1381 4475 1521 4539 gibt:
1571 4470 1828 4535 διῃρημένη
1862 4472 1963 4534 γὰρ
1998 4473 2120 4520 τότε
2156 4468 2209 4529 ἦν
2244 4469 2359 4531 ἡμῖν
2393 4468 2421 4526 ἧ
2458 4470 2668 4531 noveram}
2704 4473 2836 4517 κατὰ

566 4554 766 4613 (ἴδη...
801 4557 894 4606 καί
924 4574 976 4605 τι
1014 4554 1068 4615 ἦν
1105 4554 1231 4615 εἶδος
1268 4556 1396 4620 ᾤδῆς
1432 4556 1635 4621 εὔχαὶ
1669 4560 1821 4620 πρὸς
1849 4555 2052 4615 θεούς.
2076 4556 2279 4619 ’ὄνομα
2310 4554 2375 4605 δὲ
2406 4556 2587 4622 ὕμνοι
2621 4552 2840 4605 ἔπι-εκπ-

566 4640 810 4687 λοῦντο.
846 4641 1087 4705 Hymnos
1125 4642 1436 4693 bezeichnet
1471 4642 1582 4693 also
1620 4642 1765 4692 nicht
1805 4643 1892 4693 die
1930 4641 2161 4693 Melodie
2198 4642 2376 4707 allein,
2405 4641 2632 4691 sondern
2664 4641 2752 4689 das
2784 4641 2836 4689 in

571 4728 799 4778 Melodie
835 4734 1062 4793 gesetzte
1100 4727 1321 4779 Gebet.”

2541 4842 2605 4880 10
