3717 5575
827 658 897 747 167

296 848 358 924 illo
396 849 638 948 Reipublicae
674 850 757 927 loco
794 868 920 928 autem
957 853 1159 927 verborum
1196 851 1239 944 ὥς
1265 882 1342 955 ροισι
1369 877 1426 924 su·

295 972 456 1046 biectum
492 989 579 1047 sunt
616 999 691 1048 non
728 975 751 1047 ii
788 975 850 1073 qui
886 974 1000 1049 libros
1036 975 1224 1072 scripsisse
1261 974 1426 1047 feruntur

295 1139 347 1150 -
385 1094 584 1170 Musaeum
620 1097 703 1171 dico
739 1114 778 1172 et
810 1097 1006 1196 Orpheum
1033 1142 1096 1187 -,
1127 1097 1194 1170 sed
1222 1094 1284 1193 qui
1311 1093 1425 1169 libros

295 1216 363 1291 hos
386 1219 577 1316 proferunt
601 1234 639 1292 et
661 1218 836 1318 vulgant:
861 1220 942 1316 ipsi
951 1236 1048 1311 sunt,
1064 1218 1139 1317 qui,
1155 1234 1195 1291 ut
1210 1215 1423 1314 disciplinae

293 1364 383 1413 suae
419 1340 538 1414 maior
575 1341 729 1416 accedat
757 1343 970 1432 auctoritas,
1000 1358 1122 1415 ortam
1149 1366 1234 1415 eam
1262 1365 1344 1413 esse
1373 1338 1423 1412 di·

293 1480 379 1536 cunt
407 1479 445 1536 et
472 1465 717 1562 conscriptam
746 1489 769 1538 a
794 1464 954 1538 Musaeo
977 1482 1015 1538 et
1039 1464 1206 1560 Orpheo,
1232 1464 1362 1536 Lunae
1384 1477 1423 1536 et

296 1584 486 1658 Musarum
516 1582 652 1683 filiis:¹)
684 1585 733 1661 2⁰.
762 1586 908 1661 Timaei
935 1584 1039 1660 locus
1066 1587 1230 1684 ipsorum
1257 1600 1320 1662 τῶν
1342 1591 1425 1687 ripr-

292 1707 395 1784 νότων
418 1704 592 1812 ἔμπροσθεν
615 1709 724 1784 affert
738 1710 980 1784 sententiam:
998 1725 1119 1783 utrum
1134 1733 1225 1782 vero
1240 1708 1423 1782 sententia

292 1828 385 1903 haec
412 1826 541 1903 litteris
568 1831 615 1905 sit
638 1832 828 1923 mandata,
853 1831 889 1904 id
913 1831 1002 1929 ipsis
1026 1830 1177 1928 quidem
1201 1829 1325 1903 verbis
1347 1855 1422 1903 non

294 1950 460 2043 additur;
501 1953 537 2025 in
584 1952 789 2051 Republica
830 1979 922 2028 vero
959 1952 1040 2026 libri
1075 1978 1167 2027 sane
1198 1977 1423 2026 commemo·
1460 1998 1463 2003 ·

295 2089 432 2165 rantur,
461 2075 550 2172 quid
578 2091 704 2149 tamen
732 2075 768 2148 hi
796 2074 877 2149 libri
905 2076 1131 2167 contineant,
1160 2089 1225 2148 aut
1252 2099 1350 2171 quae
1377 2074 1424 2147 sit

341 2302 366 2370 1)
386 2304 416 2354 Id
435 2304 507 2370 quod
525 2304 587 2354 satis
605 2304 670 2354 mihi
688 2311 806 2355 constare
824 2304 940 2355 ridetur:
960 2320 1020 2353 nam
1039 2304 1123 2369 ipsum
1136 2310 1187 2368 per
1198 2318 1224 2351 se
1233 2302 1339 2366 quidem
1348 2301 1427 2351 etiam

294 2391 416 2440 Musaeus
438 2398 463 2440 et
487 2390 609 2457 Orpheus
635 2392 707 2441 verbi
731 2396 795 2452 Φσσι
819 2391 965 2441 subiectum
989 2405 1046 2440 esse
1071 2397 1198 2455 poterant,
1221 2389 1257 2439 ita
1281 2396 1310 2438 ut
1328 2389 1379 2454 ipsi
1398 2389 1426 2438 in

293 2477 368 2527 libris
386 2492 414 2526 se
432 2477 539 2526 deorum
557 2478 710 2543 progeniem
728 2494 785 2528 esse
803 2478 933 2528 dicerent:
953 2477 1000 2527 sed
1014 2475 1064 2526 boc
1080 2491 1114 2526 ne
1124 2483 1274 2541 statuamus,
1284 2475 1426 2526 tammulta

294 2567 408 2629 obstant,
430 2571 459 2613 ut
482 2563 576 2614 falsum
598 2580 655 2614 esse
673 2565 716 2614 rix
734 2565 798 2614 mihi
817 2565 926 2614 dubium
941 2564 1067 2614 videatur.
1084 2563 1185 2628 Nempe
1202 2578 1255 2612 non
1274 2563 1426 2612 solumsub-

293 2652 417 2701 iectorum
441 2651 550 2700 mutatio
574 2650 713 2701 admodum
730 2658 798 2701 esset
817 2652 888 2717 dura,
905 2666 964 2701 cum
980 2657 1006 2700 et
1021 2645 1177 2709 παρέχονται
1193 2658 1220 2698 et
1235 2644 1385 2703 immin
1401 2656 1427 2699 et

291 2734 416 2793 πείθοντες
439 2737 585 2787 subiectum
601 2737 715 2787 habeant
732 2733 842 2799 ἀγύρται
859 2734 902 2785 nal
918 2733 1035 2797 saburram
1053 2752 1107 2787 non
1126 2737 1210 2787 solum
1229 2753 1277 2803 pro
1296 2737 1427 2804 praesenti

293 2833 410 2892 tempore
434 2824 527 2875 melius
545 2825 699 2874 scriberetur
715 2824 908 2890 imperfectum:
927 2824 974 2873 sed
990 2825 1129 2889 praecipue
1144 2824 1211 2874 iliud
1226 2820 1259 2880 iic
1272 2828 1345 2891 φασι,
1355 2825 1426 2891 quod

293 2913 400 2964 exhibet
423 2911 516 2961 similis
534 2912 665 2962 sententia
682 2927 742 2976 pag.
762 2909 813 2975 364
823 2911 861 2976 Β,,
871 2911 944 2960 cuius
963 2911 1107 2961 subiectum
1125 2911 1195 2960 idem
1213 2919 1252 2961 est
1269 2920 1349 2977 atque
1367 2928 1425 2962 sen·

293 2999 390 3049 tentiae
409 2997 442 3048 de
460 3013 513 3062 qna
530 3013 578 3047 nos
596 2997 695 3063 agimus
714 2990 836 3060 [ἀγύρται
854 2992 881 3043 δδ
898 2992 942 3043 καὶ
958 2992 1061 3054 μάντεις
1077 2990 1120 3043 ὶπδ
1133 2996 1258 3044 πλονσίενν
1269 2993 1339 3057 θύρας
1347 2994 1426 3053 δόντες

293 3082 417 3133 πείθουσιν
436 3080 468 3139 ὥς
484 3079 543 3130 irre
559 3083 627 3144 παρα
646 3082 718 3144 σφίσι
737 3079 840 3142 δύναμις
857 3077 885 3130 iu
902 3080 959 3130 tear
976 3079 1125 3144 ποριζομένη
1142 3078 1239 3140 θυσίαις
1255 3098 1285 3131 τε
1302 3080 1345 3130 καὶ
1361 3079 1426 3143 inqu·

292 3163 355 3223 δαῖς,
379 3161 433 3212 lira
454 3179 481 3213 τι
504 3161 615 3224 ἀδίκημά
632 3180 678 3212 τον
696 3161 799 3226 γε’γονεν
816 3161 896 3213 αὑτοῦ
912 3162 927 3220 ἢ
944 3165 1075 3226 προγόνοιν,
1091 3162 1203 3212 ἀκεῖσθαι
1219 3161 1274 3225 μεθ’
1291 3162 1380 3219 ἡδονῶν
1396 3181 1426 3214 τε

290 3246 333 3297 rai
355 3242 453 3307 εὀρτῠν,
481 3243 524 3293 Iris
545 3244 577 3294 ri
592 3262 650 3295 τινα
666 3241 754 3308 ὶχδρδν
771 3248 880 3306 πημῆναι
898 3241 980 3309 iiiia,
996 3247 1064 3307 μετὰ
1082 3251 1189 3307 σμικρῶν
1206 3243 1321 3295 δαπανῶν
1337 3245 1426 3308 ὁμοίοις

291 3327 383 3377 δίκαιον
400 3326 477 3388 ἀδίκῳ
495 3325 611 3389 βλάψειν,
629 3328 776 3390 ἐπαγωγαῖς
793 3327 849 3376 τισδ
865 3325 908 3377 καὶ
924 3325 1094 3388 καταδέσμοις
1111 3328 1170 3385 τοῦς
1187 3327 1263 3386 θεούς,
1281 3326 1319 3386 tt<
1332 3333 1426 3391 φασι,

289 3407 413 3467 πείθοντες
437 3415 523 3472 σφισιν
547 3406 703 3479 impertiri,
726 3412 854 3477 imprimis
878 3412 946 3462 illud
970 3413 998 3462 in
1022 3413 1101 3462 simili
1125 3414 1256 3463 sententia
1272 3422 1424 3478 usurpatum

291 3496 324 3557 tte
340 3503 413 3565 φασι,
432 3500 550 3565 inquam,
566 3498 610 3547 hic
628 3513 735 3565 quoque
754 3498 899 3548 subiectum
917 3514 974 3549 esse
992 3495 1106 3560 ἀγύρτας
1123 3496 1166 3546 καὶ
1182 3496 1286 3558 μάντεις
1304 3501 1406 3565 probat.

336 3587 429 3652 ltaque
443 3587 499 3636 iure
512 3586 627 3652 Wnunrt,
642 3600 799 3651 quamquam
815 3601 874 3650 pag.
892 3583 926 3649 38
942 3585 975 3635 de
984 3586 1032 3635 hac
1042 3601 1069 3634 re
1079 3593 1156 3649 tacet,
1165 3603 1224 3652 pag.
1236 3595 1350 3652 7aperte
1360 3586 1424 3637 dicit

289 3675 373 3725 idem:
400 3674 501 3738 „Dabei
521 3672 662 3722 bedienten
682 3672 719 3721 sie
738 3670 865 3737 [Gankler
885 3672 940 3721 und
958 3671 1164 3739 Bettelpriester]
1184 3672 1240 3722 sich
1258 3673 1304 3723 der
1323 3672 1423 3723 Bucber

291 3761 338 3811 des
362 3760 484 3826 Orpheus
505 3759 560 3809 und
579 3759 696 3823 Mustius,
715 3758 770 3808 und
787 3774 832 3807 um
849 3758 929 3808 deren
949 3758 1134 3809 wirksamkeir
1152 3761 1180 3809 in
1198 3760 1249 3809 den
1269 3761 1362 3826 Augen
1378 3760 1424 3810 der

292 3847 433 3914 glaubigen
452 3847 558 3897 Thoren
576 3846 646 3896 noch
664 3862 695 3895 ru
710 3847 833 3911 steigern,
848 3845 998 3895 erhoben
1013 3846 1063 3895 sie
1078 3847 1121 3896 die
1137 3847 1270 3897 Veriasser
1279 3864 1309 3896 zn
1320 3848 1423 3898 Go'tter·

292 3935 393 3985 siihnen
405 3970 412 3984 .
423 3970 430 3984 .
440 3971 465 3984 ..
483 3933 577 3984 Platon
595 3933 698 3984 wendet
711 3932 766 3983 sich
781 3948 865 3998 gegen
882 3932 928 3983 das
938 3932 1422 3998 rurErzielungh‘o'hererEinnahmen

291 4038 343 4071 von
367 4021 449 4071 ihnen
467 4019 619 4085 eriundene,
638 4034 691 4068 von
710 4017 858 4069 harmiosen
877 4018 983 4067 Thoren
1003 4019 1141 4084 geglaubte
1161 4019 1286 4070 Mirchen
1304 4036 1357 4070 von
1377 4021 1423 4070 der

291 4107 435 4174 gottlichen
454 4105 574 4156 Abkunit
593 4105 662 4155 ihtes
680 4104 811 4170 Orpheus.
830 4104 865 4154 Er
884 4104 956 4155 steilt
975 4105 1030 4154 sich
1048 4105 1077 4155 in
1095 4106 1214 4156 scharien
1232 4107 1377 4172 Gegensatz
1392 4124 1423 4158 au

289 4194 374 4244 dieser
397 4192 531 4260 Legende,
555 4208 583 4243 er
607 4192 663 4257 tugt
682 4208 713 4242 au
730 4194 755 4237 Σ.
773 4205 803 4238 τε
820 4189 862 4238 καὶ
879 4193 912 4238 Μ.
930 4186 1041 4252 ἔγγόνιιν
1058 4193 1149 4243 hinzu:
1168 4188 1200 4247 iit
1216 4196 1280 4253 φασι
1297 4192 1381 4260 (Subj.
1395 4218 1419 4240 ·.-

285 4276 395 4341 δγόρται
420 4276 463 4325 καὶ
487 4275 608 4339 μάντεις),
639 4293 667 4327 er
699 4283 788 4327 trennt
821 4276 877 4327 ihre
909 4277 1020 4328 Ansicht
1048 4277 1230 4329 ausdrucklieh
1257 4295 1309 4329 von
1339 4280 1424 4330 seiner

289 4365 427 4432 eigenen.”
446 4381 507 4432 sqq.

333 4452 429 4518 Utique
453 4452 508 4502 fieri
530 4459 628 4518 potest,
646 4457 675 4501 ut
689 4447 758 4510 Φασί
769 4449 926 4514 generaliter
942 4457 1094 4515 usurpatum
1110 4451 1152 4518 sit,
1168 4458 1196 4501 ut
1212 4450 1308 4502 latine:
1323 4452 1424 4518 dicunt,

289 4540 407 4606 belgice:
431 4557 488 4590 mm
509 4548 580 4606 regn·
603 4537 674 4605 quod
700 4544 786 4587 tamen
811 4552 846 4586 ne
870 4542 1013 4587 statuamus
1038 4538 1123 4604 primo
1142 4539 1230 4589 omnia
1247 4538 1302 4589 iere
1319 4540 1424 4589 obstant

289 4641 356 4692 quae
372 4633 463 4676 contra
481 4625 588 4676 alteram
605 4624 678 4675 illam
695 4623 939 4689 interpretationem
956 4624 1033 4674 huius
1051 4625 1228 4676 annotationis
1244 4626 1322 4675 initio
1338 4626 1424 4676 attuli·

290 4727 360 4764 mus:
380 4719 513 4780 praeterea
530 4713 589 4778 ipsa
606 4711 639 4762 de
657 4726 710 4777 qua
727 4710 812 4776 agitur
829 4725 871 4760 res
888 4710 933 4760 vix
953 4711 990 4760 ita
1007 4718 1156 4762 mutaretur.
