3717 5575
996 625 1041 674 10

502 799 666 897 Denique
688 826 768 873 cum
790 800 1146 896 prae-Socraticorum
1170 800 1458 898 philosophorum
1472 822 1583 895 opera

449 937 606 995 aetatem
633 920 769 996 aderint
794 920 898 1014 nulla,
926 922 1127 1022 fragmenta
1149 939 1298 1014 tannim,
1321 923 1369 996 ab
1388 921 1582 1018 aliisiisque

447 1044 698 1140 posterioribus
732 1062 885 1135 servata,
922 1046 989 1119 sint
1019 1043 1163 1142 reliqua,
1188 1047 1311 1119 PLATO
1337 1069 1424 1117 vero
1451 1044 1582 1141 primus

449 1166 549 1239 suerit
575 1164 815 1263 philosophus
844 1168 939 1241 cuius
961 1167 1089 1265 scripta
1111 1168 1208 1266 quod
1230 1169 1380 1242 sciamus
1402 1166 1521 1241 omnia
1533 1165 1581 1238 ad

447 1313 512 1362 nos
546 1289 779 1385 pervenerint,
790 1286 815 1386 l)
851 1290 1005 1387 sequitur
1037 1306 1086 1380 ut,
1123 1308 1296 1388 quatenus
1331 1290 1377 1364 de
1410 1289 1581 1386 prioribus

447 1410 550 1500 dicat,
580 1436 692 1507 opera
719 1412 792 1485 eius
818 1412 950 1508 primus
977 1411 1043 1486 sint
1071 1412 1160 1503 sons,
1188 1439 1234 1487 ex
1256 1439 1328 1511 quo
1350 1411 1485 1485 illorum
1507 1410 1580 1508 pla·

447 1532 514 1606 cita
550 1532 856 1632 cognoscanttir,²)
888 1534 1040 1631 ideoque
1068 1535 1174 1608 etiam
1202 1535 1269 1608 hac
1300 1561 1345 1610 ex
1371 1550 1474 1633 parte
1500 1533 1581 1606 iudi·

447 1655 538 1728 cium
564 1655 637 1728 eius
664 1654 799 1752 plurimi
826 1655 869 1729 sit
896 1656 1105 1731 faciendum.

447 1897 725 1962 nichtsdestoweniger
752 1898 798 1947 der
824 1898 991 1949 Menschheit
1018 1915 1061 1964 au,
1086 1900 1146 1949 weil
1171 1900 1227 1949 sein
1251 1900 1322 1949 Volk
1350 1899 1404 1949 und
1428 1900 1501 1950 scine
1524 1901 1581 1950 Zeit

447 1987 506 2036 eine
531 1985 699 2035 wesentliche
723 1985 803 2036 Steile
825 1986 853 2034 in
872 1985 918 2035 der
937 1985 1094 2036 Geschichte
1113 1986 1160 2036 der
1178 1987 1345 2037 Menschheit
1362 1987 1508 2052 eiunimmt,
1526 1987 1580 2037 und

446 2088 513 2121 zwar
535 2088 579 2121 um
603 2087 632 2122 so
657 2072 709 2121 viel
735 2072 807 2121 mehr
831 2072 870 2122 als
893 2071 950 2121 sein
970 2072 1132 2138 Vorgium,
1156 2072 1215 2123 weil
1239 2074 1267 2122 in
1289 2073 1344 2122 ihm
1361 2073 1417 2122 sich
1437 2073 1509 2139 alles,
1528 2090 1580 2124 was

447 2158 640 2209 Griechenisnd
665 2159 701 2208 im
726 2158 836 2208 Gebiete
858 2157 904 2207 der
921 2159 1050 2224 geistigen
1070 2158 1245 2210 Erkenntniss
1263 2160 1373 2210 Wahres
1391 2160 1445 2210 und
1464 2160 1579 2211 Schdnes

446 2261 574 2310 errungen
592 2245 674 2310 hatte,
693 2245 836 2310 vereinigte
857 2243 912 2294 und
930 2245 1069 2312 verkiiirte,
1087 2262 1131 2296 um
1149 2262 1177 2297 es
1195 2247 1242 2297 srei
1260 2263 1311 2296 von
1329 2246 1382 2297 den
1400 2247 1579 2297 Auswiichsen

444 2332 491 2382 der
514 2332 701 2397 Einseitigkeit
726 2332 779 2382 und
798 2331 987 2397 Verblendung
1011 2332 1049 2381 als
1072 2333 1115 2383 ein
1138 2334 1233 2398 ewiges
1256 2333 1387 2383 Denkmal
1411 2334 1578 2384 minnlichen

445 2419 565 2484 Ringeus
583 2419 651 2469 nach
669 2419 729 2468 dem
747 2418 885 2468 Hdchsten
902 2418 949 2468 der
966 2418 1103 2470 Nachwelt
1120 2435 1151 2469 zu
1169 2418 1353 2470 iiberlieseru.‘'

492 2506 518 2573 1)
537 2506 578 2556 ef.
599 2522 659 2571 pag.
682 2518 713 2567 14
731 2505 793 2556 adn.
815 2518 837 2558 1.

489 2592 518 2660 2)
546 2593 656 2642 Accedit
683 2592 756 2657 quod
783 2592 857 2642 Pisto
885 2592 985 2658 primus
1007 2594 1095 2643 omnis
1118 2593 1172 2643 fere
1197 2608 1264 2658 quoe
1288 2609 1304 2643 a
1328 2593 1457 2659 prioribus
1485 2594 1580 2644 tradita

444 2686 527 2745 erant,
546 2678 687 2728 studiosius
705 2679 833 2743 spectavit
850 2677 964 2743 ideoque
984 2679 1085 2729 etiamsi
1104 2679 1208 2729 illorum
1227 2696 1307 2747 opera
1324 2687 1434 2730 aetatem
1450 2681 1580 2746 tulissent,

445 2765 540 2831 dignus
570 2772 647 2830 esset,
676 2765 750 2815 cuius
781 2765 906 2816 iudicium
937 2782 996 2817 cum
1025 2767 1093 2816 veris
1121 2766 1225 2817 illorum
1255 2766 1381 2817 doctrinis
1406 2767 1579 2836 conferretur3

445 2861 579 2918 praeterea
594 2869 609 2903 a
626 2851 733 2903 Platone
747 2868 825 2920 nova,
840 2860 868 2902 ut
877 2854 913 2903 ita
922 2854 1017 2920 dicam,
1027 2854 1150 2919 periodus
1160 2854 1272 2904 Graecae
1283 2854 1466 2920 philosophiae
1476 2855 1579 2921 incipit.
