3717 5575
823 681 893 773 187

288 892 374 975 post
393 893 533 952 rectam
549 877 693 952 Kamul
707 876 1000 953 admonitionem
1011 876 1037 977 ¹)
1052 905 1138 953 eum
1152 905 1317 954 curasse:
1334 902 1421 954 nam

289 1000 390 1098 quod
414 1000 526 1092 aiunt,
552 1001 660 1091 hunc,
676 1026 789 1098 quem
804 1017 984 1094 statuunt,
999 1000 1149 1099 pluralis
1163 1028 1231 1099 pro
1245 1000 1420 1099 singulari

288 1149 395 1196 usum
420 1149 444 1197 a
462 1124 650 1197 Psaroms
664 1148 836 1197 sermone
851 1149 925 1198 non
941 1125 1152 1216 abhorrere,
1163 1120 1190 1222 ⁹)
1205 1124 1243 1197 id
1257 1124 1319 1198 vix
1334 1123 1422 1197 mihi

288 1245 436 1343 probari
460 1271 572 1343 posse
594 1245 759 1320 videtur:
784 1245 918 1344 quibus
941 1246 1093 1344 quidem
1116 1273 1184 1344 pro
1200 1262 1422 1345 argumento

289 1367 402 1442 utitur
438 1365 528 1442 locis
564 1367 768 1459 SusuMfflL,
808 1366 845 1441 hi
883 1369 1035 1443 omnino
1073 1367 1166 1443 alius
1199 1386 1285 1444 sunt
1311 1395 1422 1468 gene·

289 1485 400 1586 ris;³)
429 1489 521 1563 alius
550 1506 674 1563 autem
702 1487 806 1565 locus
833 1517 910 1588 quo
939 1491 987 1564 de
1015 1517 1090 1566 uno
1119 1491 1274 1590 Orpheo
1298 1491 1422 1565 -ad

285 1691 480 1699 --—-——-

336 1793 363 1861 1)
381 1793 434 1843 ol
452 1809 513 1859 pag.
531 1808 575 1856 42.

334 1881 520 1948 2)Susss1111n
542 1881 595 1932 o.l.
622 1897 682 1947 pag.
709 1882 814 1932 XVIII:
840 1884 938 1947 ,Porro
962 1884 1040 1933 unius
1058 1889 1159 1933 tanturn
1177 1883 1309 1949 personati
1330 1890 1424 1949 poetae

290 1967 472 2033 theogonicam
490 1967 634 2018 doctrinam
654 1969 682 2018 in
701 1968 748 2018 illo
765 1969 865 2020 Timaei
883 1970 942 2019 loco
956 1970 1065 2036 prolerri
1082 1977 1162 2035 patet.
1182 1971 1248 2033 Quis
1257 1971 1328 2020 enim
1336 1970 1425 2020 credet
1461 2011 1464 2016 .

289 2070 306 2104 a
324 2054 443 2119 pluribus
467 2054 545 2119 plane
570 2053 680 2104 eandem
704 2070 761 2105 esse
786 2057 962 2120 propositam?
986 2057 1078 2106 mirum
1102 2063 1188 2107 antem
1214 2057 1332 2122 prolecto
1351 2072 1424 2121 argu·

288 2148 405 2191 mentum
423 2149 462 2191 est
480 2141 605 2192 Kernii
624 2140 808 2191 contendentis
828 2141 877 2207 ,de
896 2158 950 2192 uno
968 2142 1078 2208 cogitari
1097 2158 1150 2192 non
1168 2142 1273 2209 debere,
1291 2158 1348 2192 cum
1367 2141 1424 2208 plu-

289 2228 372 2278 rative
395 2227 515 2278 dicantur
538 2224 635 2289 leynam
660 2223 741 2275 isus?
766 2228 863 2278 Nonne
887 2229 937 2279 scit
961 2230 1113 2295 saepissime
1137 2246 1153 2279 a
1174 2229 1281 2280 Graecis
1299 2229 1427 2294 pluralem

290 2314 418 2380 adhiberi,
442 2316 488 2365 ubi
506 2315 610 2366 denno
629 2315 761 2365 dumtaxat
780 2331 864 2365 sermo
882 2316 925 2382 sit,
944 2324 999 2366 tum
1016 2316 1177 2382 praesertim,
1196 2324 1223 2365 ut
1242 2316 1274 2366 de
1293 2316 1426 2366 locutione

291 2398 317 2448 si
336 2405 391 2459 τορι
413 2415 471 2447 τινσ
495 2408 602 2468 taceam,
626 2418 685 2452 cum
709 2417 757 2468 pro
781 2401 889 2452 delinito
913 2403 970 2452 eius
995 2404 1110 2468 nomine,
1131 2419 1185 2468 quo
1204 2418 1263 2452 eum
1282 2402 1426 2468 significare

291 2490 386 2555 nolint,
410 2489 563 2539 circuitione
588 2490 700 2555 quadam
723 2491 844 2539 utantur?
869 2490 904 2540 Ut
928 2504 1008 2539 unum
1034 2489 1181 2555 exemplum
1206 2490 1320 2557 afferam,
1338 2505 1427 2540 nonne

291 2576 418 2626 Isocrates
435 2576 464 2625 in
483 2577 601 2626 oratione
620 2577 695 2626 tertia
710 2575 810 2626 decima
826 2591 875 2641 pro
891 2577 1050 2626 Antisthene
1066 2576 1130 2627 dicit
1145 2575 1205 2631 τοὺς
1219 2573 1273 2636 mii
1288 2575 1336 2632 nise
1346 2572 1428 2637 ’ἔριδος

288 2658 469 2721 διατρίβοντας,
494 2679 543 2728 pro
569 2663 750 2713 Alcidamante
775 2660 835 2715 roric
851 2660 912 2717 τοῦς
926 2662 1071 2719 πολιτικοὺς
1087 2663 1180 2725 λόγους
1195 2660 1428 2726 ὁτισχνονμίνονςΡ

290 2752 385 2802 Nonne
410 2766 459 2801 nos
484 2766 601 2817 qnoque,
624 2751 669 2801 ubi
694 2750 804 2802 dicimus
824 2753 950 2818 ,gestisse
969 2751 1069 2803 Lente’'
1087 2752 1132 2804 rel
1150 2753 1235 2804 simile
1255 2753 1329 2820 quid,
1347 2769 1426 2819 saepe

291 2855 371 2889 nuum
389 2846 489 2889 tantum
507 2837 626 2889 volumus
645 2854 750 2904 carpere
757 2838 784 2888 i”

335 2927 440 2976 Wuarta
464 2941 489 2975 o.
505 2925 523 2974 l.
549 2941 609 2990 pag.
637 2938 683 2976 11:
711 2925 779 2990 ,den
805 2926 892 2975 Plural
916 2926 959 2976 bei
986 2928 1082 2976 einer
1106 2928 1203 2976 Person
1221 2927 1340 2977 erkliiren
1358 2927 1426 2977 viele

293 3012 442 3077 Analogien
460 3027 505 3062 aus
524 3011 625 3078 Plato''·‚
642 3013 670 3061 in
690 3013 905 3062 annotationibus
923 3011 996 3078 (adn.
1017 3012 1063 3080 21)
1078 3013 1143 3064 haec
1160 3014 1247 3064 affert:
1259 3031 1296 3078 ,z.
1306 3015 1335 3063 B.
1346 3014 1426 3079 Gorg.

295 3109 346 3164 510
354 3099 386 3164 B,
409 3099 486 3163 Lysis
509 3101 605 3166 214A,
624 3115 664 3148 wo
683 3099 775 3150 Worte
794 3099 841 3149 des
859 3100 960 3150 Homer
977 3115 1023 3149 aus
1040 3099 1091 3150 Od.
1110 3117 1122 3161 ρ
1142 3098 1194 3150 218
1212 3101 1255 3150 rit.
1275 3116 1308 3150 w.
1327 3102 1386 3150 mit:
1405 3099 1432 3147 oi

291 3182 395 3232 τολιιοὶ
414 3181 457 3232 isai
473 3181 551 3245 σοφοί
563 3185 618 3236 und
636 3182 662 3232 si
676 3182 805 3252 τοιντιιί;”
825 3186 859 3235 ad
878 3201 945 3251 quos
963 3185 1035 3235 locos
1054 3186 1161 3235 recurrit
1180 3186 1284 3235 Wnunn
1303 3202 1363 3251 pag.
1383 3198 1425 3249 39.

337 3272 366 3338 3)
383 3273 480 3322 Eorum
509 3288 575 3337 quos
602 3288 634 3322 ex
659 3273 799 3322 Isocmts
823 3272 941 3322 oratione
967 3273 1044 3323 tertia
1066 3272 1174 3334 decima,
1194 3287 1275 3337 quae:
1295 3270 1362 3319 ma
1379 3276 1428 3319 rus

289 3362 415 3419 σοφιστῶν
435 3359 593 3425 inscribitur,
609 3359 682 3409 affert
698 3359 838 3409 Susttamss,
852 3359 968 3409 locorum
986 3360 1068 3410 multo
1084 3360 1162 3409 latius
1174 3366 1247 3425 patet
1256 3360 1336 3411 ratio:
1346 3363 1427 3411 verba

291 3450 340 3493 ras
355 3443 411 3507 τορὶ
426 3445 476 3502 τοι
491 3440 573 3504 ἴριδος
591 3441 768 3507 διατριβόντων
786 3448 808 3497 si
822 3446 855 3497 ad
873 3447 1057 3497 Antisthenem
1072 3446 1210 3498 reserenda
1224 3447 1285 3512 sint,
1295 3463 1347 3497 non
1357 3448 1426 3498 hunc

292 3537 374 3585 solum
398 3534 552 3601 siguificare,
577 3535 623 3585 sed
647 3549 753 3584 sonare:
778 3533 947 3583 Antisthenis
972 3535 1076 3599 eiusque
1099 3535 1237 3600 similium,
1261 3534 1427 3585 manifestum

292 3629 339 3673 est.
362 3622 441 3685 Quod
459 3620 529 3671 idem
547 3620 687 3671 dicendum
705 3620 808 3671 videtur
825 3620 858 3669 de
876 3620 959 3670 altera
977 3621 1120 3686 locutione,
1138 3636 1206 3685 quae
1221 3620 1261 3686 §9
1280 3621 1425 3672 invenitur:

289 3708 343 3764 τοῖς
359 3706 419 3763 τοὺς
432 3706 578 3763 matirensis
592 3707 683 3768 λόγους
697 3701 916 3767 ὑπισχνουμένοις,
925 3706 943 3755 i.
953 3722 976 3758 e.
986 3707 1169 3756 Alcidamanti
1177 3707 1281 3772 eiusque
1289 3708 1425 3757 similium.

334 3797 388 3848 Nec
407 3811 474 3861 quae
493 3811 525 3845 ex
543 3795 634 3860 lingua
653 3794 808 3845 Germanica
826 3794 923 3859 promit
942 3793 1092 3858 Svsnsrfflu,
1109 3793 1160 3842 huc
1181 3793 1328 3858 pertinent:
1346 3793 1426 3859 plane

291 3883 344 3933 alia
367 3891 406 3933 est
430 3883 496 3932 ratio
519 3882 613 3931 horum
634 3883 772 3931 verborum
790 3888 868 3946 atque
888 3880 1055 3945 Graecorum,
1074 3879 1171 3945 quibus
1189 3880 1270 3930 utitur
1286 3880 1425 3930 Tmarus:

291 3967 349 4017 κατ’
374 3964 492 4024 imisme:
520 3968 688 4034 aliquomodo
715 3968 903 4033 consentirent,
931 3967 953 4016 si
978 3967 1103 4032 scriptum
1127 3967 1256 4032 legeretur
1280 3964 1348 4012 νιιιτσ
1370 3965 1429 4022 τοὺς

289 4055 476 4111 woroime:
495 4069 565 4105 nunc
583 4055 691 4104 omnino
710 4054 812 4104 diversa
830 4059 898 4104 sunt.

338 4140 416 4203 Quod
441 4141 474 4190 ad
498 4156 528 4191 ea
552 4156 619 4206 quae
644 4141 749 4190 Wsnna
773 4140 855 4206 affert,
879 4139 943 4189 hacc
968 4140 1054 4188 minus
1073 4139 1152 4188 etiam
1170 4138 1266 4189 valent.
1285 4139 1353 4190 Nam
1370 4140 1429 4206 ipsa

292 4227 429 4280 Pmorus
446 4229 525 4276 verba
543 4241 589 4276 cur
607 4226 716 4291 pluralis
733 4233 871 4292 usurpetur
889 4226 1046 4291 explanant:
1065 4226 1093 4275 in
1112 4225 1244 4290 proverbii
1263 4228 1428 4278 consuetudi-

293 4328 353 4363 nem
377 4319 483 4363 veuerat
506 4313 649 4363 sententia:
674 4329 728 4363 non
752 4313 823 4378 apud
846 4314 930 4363 solum
949 4314 1096 4362 Hounntm
1113 4311 1262 4377 legebatur:
1281 4314 1428 4379 complures

292 4406 410 4450 auctores
425 4400 481 4449 eius
496 4400 655 4450 mentionem
670 4399 783 4450 faciunt:
798 4400 831 4450 cf.
848 4401 1072 4465 Anus-linum,
1087 4400 1158 4449 Anh.
1169 4415 1200 4449 zu
1209 4400 1322 4450 Homers
1332 4400 1427 4467 Odyss.

291 4486 341 4535 111.
358 4485 406 4536 lib.
423 4485 628 4551 XIII-XVIII,
644 4502 703 4551 pag.
724 4499 772 4550 113
788 4486 832 4552 (ad
848 4504 860 4549 ρ
877 4484 949 4553 218);
964 4486 1131 4551 Bilcustaurt,
1141 4485 1286 4550 Geflitgelte
1296 4486 1387 4538 Worte
1398 4489 1428 4554 ¹²,

291 4589 368 4639 pagg.
394 4582 456 4639 255,
480 4572 546 4640 2563
572 4572 634 4623 licet
657 4589 712 4623 non
736 4589 839 4639 semper
856 4574 947 4624 eadam
964 4572 1110 4623 sententiae
1127 4571 1210 4622 forma
1229 4572 1272 4638 sit,
1290 4579 1318 4621 ut
1337 4575 1429 4624 scribit

294 4661 383 4709 Astus
401 4659 448 4710 l.l.:
468 4662 548 4725 „Dies
566 4660 725 4725 Sprichwort
740 4661 774 4710 ist
788 4660 876 4730 hiufig
891 4676 944 4710 von
960 4660 1011 4710 den
1028 4659 1108 4709 Alten
1124 4659 1183 4710 tells
1198 4659 1318 4710 wortlich
1333 4662 1428 4728 citiert,

292 4746 351 4797 teils
370 4746 430 4797 dem
448 4747 529 4799 Sinne
547 4749 614 4798 nach
632 4748 829 4813 angewendet''.
848 4749 942 4813 ltaque
959 4762 1045 4813 neque
1064 4747 1159 4798 iniuria
1176 4748 1269 4798 emm
1287 4748 1321 4798 ad
1339 4750 1427 4815 plures
