3717 5575
844 639 891 711 23

305 824 404 884 stare
440 811 596 904 videtur,
634 811 670 884 in
705 812 879 909 opinione
916 812 1054 911 aliqua,
1092 840 1204 912 quarn
1243 817 1432 890 Puerorus

306 958 420 1029 opera
442 948 750 1024 commemorant,
774 936 1019 1029 aestimanda,
1044 963 1192 1035 semper
1215 963 1297 1012 esse
1321 964 1431 1036 quae·

304 1056 459 1129 rendum
488 1057 550 1154 qui
577 1055 676 1131 illam
705 1058 870 1154 proferat
896 1073 935 1133 et
961 1060 1018 1134 cui
1046 1060 1326 1158 respondeatur.
1338 1058 1365 1159 ¹)

358 1199 391 1272 7.
421 1178 499 1253 Sed
522 1179 616 1254 haec
640 1181 777 1272 omnia,
802 1181 873 1256 etsi
887 1207 993 1255 suam
1007 1183 1149 1257 habent
1162 1182 1430 1277 difficultatem,

304 1302 514 1375 communia
545 1318 631 1377 sunt
659 1303 829 1377 PLnToru
852 1329 935 1377 cum
960 1306 1152 1379 scaenicae
1176 1306 1301 1405 poesis
1315 1306 1432 1404 operi·

303 1422 391 1495 bus:
429 1423 465 1496 in
494 1424 551 1498 his
579 1450 730 1522 quoque
754 1427 907 1500 omnino
936 1452 1010 1501 non
1040 1428 1163 1525 prodit
1192 1429 1227 1501 in
1256 1453 1431 1503 scaenam
1538 1413 1541 1420 ’

303 1544 380 1642 ipse
408 1556 542 1643 poeta3
567 1548 603 1620 in
626 1548 683 1621 his
706 1574 857 1647 quoque
882 1575 1114 1648 magnopere
1135 1552 1258 1642 refert,
1281 1551 1433 1648 quando

305 1682 342 1741 et
369 1694 446 1764 quo
475 1683 686 1766 temporum
710 1671 840 1744 ordine
863 1671 968 1746 varia
991 1674 1161 1746 dramata
1185 1674 1321 1770 scripta
1341 1673 1431 1765 sint,

303 1790 339 1863 in
376 1791 434 1865 his
468 1817 619 1890 quoque
657 1809 697 1866 ut
732 1818 823 1868 vera
852 1810 989 1891 poetae
1017 1795 1143 1892 opinio
1171 1811 1431 1894 cognoscatur,

304 1913 561 1988 sciscitandum
584 1931 654 2006 est,
679 1916 761 2013 quis
775 1915 854 1988 eius
867 1917 969 1991 vices
983 1916 1162 1991 obtineat.
1180 1915 1274 1991 lllud
1288 1933 1432 1991 tantum

306 2037 398 2110 inter
416 2036 605 2134 utriusque
620 2037 801 2111 rationem
817 2037 982 2130 interest,
998 2039 1100 2136 quod
1116 2039 1305 2112 Pcrrons
1318 2064 1434 2136 opera

305 2159 417 2257 ipsius
443 2159 550 2234 huius
577 2160 769 2234 doctrinae
792 2160 1018 2258 aperiendae
1040 2185 1153 2235 causa
1177 2176 1262 2235 sunt
1285 2162 1434 2258 scripta,

304 2283 512 2357 dramatum
527 2283 760 2380 propositum
775 2284 1013 2381 praecipuum
1028 2282 1128 2357 aliud
1143 2301 1211 2374 est,
1227 2299 1266 2358 et
1280 2284 1376 2357 hanc
1386 2284 1437 2357 ob

305 2430 382 2479 rem
397 2406 433 2478 in
446 2406 622 2479 Pnnrouu
632 2405 748 2479 multo
759 2421 845 2479 sunt
854 2404 1086 2480 molestiores
1095 2404 1179 2479 illae
1190 2405 1434 2481 difficultates.

358 2527 413 2602 At
435 2525 508 2602 alia
531 2542 634 2602 extat
657 2553 717 2602 res
739 2526 853 2625 longe
878 2528 1027 2602 maioris
1047 2529 1237 2617 momenti,
1253 2554 1328 2625 qua
1343 2530 1435 2601 PLA-

304 2672 412 2724 Tours
449 2652 497 2725 de
525 2650 774 2748 superioribus
801 2650 920 2724 iudicii
949 2650 1112 2749 cognitio
1141 2651 1331 2724 obstructa
1358 2667 1433 2725 est:

305 2772 586 2848 Socraticam
611 2772 695 2848 dico
723 2769 850 2847 illam
874 2771 1122 2870 ironiam,²)
1147 2799 1213 2871 per
1227 2773 1436 2872 eiusopera

304 2897 520 2995 dispersam,
550 2921 659 2994 quae,
684 2896 856 2993 quamvis
878 2896 1037 2970 facetam
1057 2912 1096 2970 et
1111 2895 1323 2994 elegantem
1337 2898 1435 2971 dicat

306 3015 498 3116 CleuR0,²³)
540 3018 701 3092 maxime
742 3035 868 3093 tamen
905 3019 1072 3116 impedit,
1109 3019 1306 3116 quominus
1342 3044 1433 3093 vera

306 3144 493 3217 Pnnrours
507 3141 691 3215 sententia
706 3141 976 3215 internoscatur
988 3141 1037 3214 ab
1052 3141 1105 3231 iis,
1122 3166 1219 3238 quae
1233 3166 1299 3237 per
1313 3140 1434 3214 iocum

303 3281 340 3339 et
363 3261 491 3338 ludum
515 3278 579 3337 aut
602 3262 758 3337 aliorum
783 3263 978 3360 opiniones
996 3261 1208 3336 ludificandi
1223 3287 1336 3337 causa
1350 3279 1435 3337 sunt

303 3387 411 3462 dicta.
443 3386 594 3484 Nempe
614 3387 830 3484 saepissime
854 3387 948 3460 haec
971 3386 1023 3459 ita
1036 3385 1119 3459 serii
1135 3385 1296 3483 speciem
1312 3385 1433 3477 offert,

303 3525 342 3583 ut
380 3508 495 3584 etiam
534 3509 627 3583 inter
669 3535 736 3583 eos
775 3509 837 3606 qui
879 3534 1029 3582 omnem
1070 3509 1146 3582 lere
1189 3523 1354 3582 aetatem
1397 3508 1433 3581 in

304 3631 491 3705 Pnnroms
528 3632 650 3705 studio
686 3631 993 3729 consumpserint,
1030 3630 1078 3704 de
1110 3655 1156 3704 ea
1184 3655 1258 3704 non
1287 3656 1436 3728 semper

349 3905 375 3973 1)
398 3906 440 3955 De
455 3905 584 3971 dialogice
599 3904 760 3956 formasti.
776 3922 800 3955 e.
817 3906 985 3972 Ussuauwuo,
995 3904 1238 3972 Untersuchuugen.
1248 3906 1337 3955 Erster
1346 3905 1433 3972 Theil,

303 4008 362 4058 pag.
380 3992 425 4058 61,
442 4008 520 4059 pugg.
540 3992 659 4056 62-70:
678 3992 730 4042 Die
749 3992 904 4057 Bedeutung
921 3991 967 4041 der
985 3993 1062 4041 Form
1077 3992 1105 4041 in
1115 3992 1212 4042 Plato's
1222 3992 1352 4058 Dialogen
1361 3994 1435 4043 iiber·

301 4078 397 4146 haupt3
418 4094 495 4144 pagg.
517 4077 633 4143 70-78:
653 4079 703 4128 Die
722 4078 946 4129 verschiedenheit
965 4080 1010 4129 der
1026 4080 1103 4129 Form
1121 4079 1149 4129 in
1164 4078 1216 4128 den
1231 4079 1435 4129 vcrschiedenen

300 4165 494 4231 Dialogen.-
512 4166 690 4216 E.N0111>1u.
709 4166 761 4215 Die
780 4166 870 4215 antike
889 4166 1064 4231 Kunstprose.
1083 4166 1104 4216 1.
1126 4182 1154 4232 p.
1177 4178 1234 4230 103.
1254 4182 1313 4231 sqq.

346 4253 464 4318 Zmau,
482 4268 506 4302 o.
516 4252 535 4302 1.
555 4253 591 4319 11,
613 4253 638 4303 1⁴
657 4267 717 4318 pag.
738 4251 886 4318 569-578,

346 4338 374 4406 2)
393 4338 434 4389 Cf.
459 4339 573 4405 thn0,
597 4340 678 4390 Aced.
704 4340 782 4405 prior.
808 4340 844 4406 11,
870 4349 917 4404 15:
943 4340 984 4389 ita
1007 4355 1065 4389 cum
1090 4339 1163 4389 aliud
1181 4338 1278 4389 diceret
1297 4338 1436 4406 [Socrates]

302 4434 379 4492 utque
407 4425 525 4492 sentiret,
551 4426 664 4477 libenter
691 4427 729 4476 uti
756 4427 849 4476 solitus
876 4434 915 4476 est
944 4442 974 4475 ea
1001 4425 1216 4490 dissimulatione,
1244 4440 1322 4490 quam
1345 4426 1437 4475 Graeci

301 4512 419 4574 rimetur
438 4519 540 4561 vocent.
559 4540 595 4550 -
613 4513 654 4563 De
674 4513 761 4564 ironia
780 4513 813 4563 cs.
833 4512 865 4562 G.
886 4512 1010 4563 Gustu.
1030 4512 1081 4563 Die
1100 4512 1215 4579 Sprache
1233 4511 1271 4562 als
1287 4512 1374 4562 Kunst
1389 4513 1437 4579 11²,

303 4615 380 4666 Put-
401 4607 549 4663 3¹5-324·

350 4685 378 4754 3)
396 4685 498 4752 Brutus,
517 4698 577 4752 292.
