3717 5575
965 655 1039 723 206

435 874 503 924 nec
526 848 657 946 parum
680 849 717 922 in
741 847 820 921 eius
843 844 1102 945 philosophiae
1125 872 1309 921 summam
1324 871 1369 920 ac
1384 846 1566 922 rationem

434 972 653 1071 pertinuisse
667 967 706 1068 ¹),
735 969 826 1045 satis
852 985 952 1044 stare
981 969 1068 1043 mihi
1096 968 1261 1062 videtur3
1286 995 1466 1066 quaeres
1488 986 1568 1044 tam

432 1094 630 1169 manifesta
663 1109 731 1185 est,
767 1108 808 1167 ut
841 1093 936 1167 inter
968 1092 1119 1166 huiusce
1147 1092 1281 1167 aetatis
1307 1092 1407 1166 viros
1435 1094 1567 1168 doctos

433 1218 547 1292 etiam
583 1217 618 1309 ii,
656 1216 718 1314 qui
748 1217 867 1314 ipsam
897 1215 1111 1289 Platonicae
1139 1213 1398 1313 philosophiae
1425 1216 1501 1290 vim
1529 1232 1567 1290 et

433 1356 605 1414 naturam
628 1366 712 1413 cum
736 1338 986 1437 Orphicorum
1010 1337 1185 1412 doctrinis
1198 1339 1398 1412 cohaerere
1413 1353 1565 1437 negent,

433 1488 518 1537 eam
541 1463 760 1537 concedant.
786 1461 918 1536 Affero
944 1456 1160 1559 Naronrz¹l
1189 1459 1294 1553 „Wir
1308 1461 1423 1535 sehen
1439 1462 1566 1534 Pnaro

433 1586 512 1660 hier
549 1583 610 1688 [im
649 1581 776 1687 Menol
815 1599 937 1658 zuerst
972 1583 1009 1657 in
1045 1584 1147 1658 einer
1182 1609 1279 1681 ganz
1307 1609 1429 1687 neuen
1457 1581 1567 1658 Rolle

432 1708 627 1799 austreten‚
666 1707 732 1782 der
769 1708 837 1781 des
873 1707 1096 1804 orphischen
1134 1706 1330 1804 Predigers
1367 1707 1442 1780 und
1480 1706 1565 1780 Pro·

432 1831 588 1928 pheten3
626 1855 670 1904 so
705 1829 842 1904 wieder
877 1830 927 1903 im
966 1827 1130 1928 Gorgias
1165 1829 1242 1902 und
1273 1828 1475 1921 weiterhin,
1503 1853 1565 1902 am

431 1953 617 2027 st'arksten
646 1952 696 2025 im
725 1951 918 2026 Phaedo.'’

485 2074 562 2150 Sed
585 2074 632 2148 de
655 2074 712 2148 his
736 2073 840 2172 plura
864 2074 987 2148 dicere
1010 2075 1058 2148 ad
1082 2072 1234 2148 huiusce
1257 2072 1381 2171 operis
1404 2072 1567 2148 rationes

432 2223 506 2272 non
549 2199 729 2296 quadrat:
772 2198 817 2271 id
860 2222 1000 2270 unum
1042 2198 1314 2294 quaeritur,
1358 2195 1474 2293 quid
1509 2195 1567 2270 de

433 2320 667 2418 Orphicis
690 2321 817 2395 Panno
846 2320 891 2393 in
920 2321 1157 2419 operibus
1180 2320 1300 2395 dicat
1323 2319 1565 2394 iudicetve.

435 2445 562 2539 Quam
586 2444 844 2542 quaestionem
867 2458 909 2518 ut
931 2442 1184 2542 profligemus,
1210 2443 1462 2541 perscrutandi
1481 2458 1568 2517 sunt

437 2566 538 2664 prius
564 2566 588 2638 ii
615 2564 698 2658 loci,
727 2566 860 2663 quibus
888 2567 1038 2640 nomine
1064 2567 1268 2640 afferuntur
1295 2565 1460 2663 Orphici,
1488 2582 1568 2639 tum

433 2688 482 2763 de
524 2688 568 2762 iis
604 2704 662 2763 est
696 2688 906 2781 dicendum,
944 2715 1103 2786 quorum
1139 2690 1256 2764 verba
1292 2689 1401 2763 latius
1427 2704 1568 2786 patent,

434 2838 530 2910 quos
565 2827 690 2887 tamen
722 2814 772 2886 ad
801 2837 868 2886 eos
895 2811 1111 2887 referendos
1138 2839 1220 2887 esse
1247 2812 1308 2888 vel
1335 2829 1478 2888 certum
1505 2811 1566 2887 vel

430 2934 509 3009 veri
533 2933 650 3009 simile
673 2933 734 3009 vel
757 2935 871 3009 etiam
895 2935 973 3009 veri
997 2935 1171 3010 dissimile
1195 2935 1259 3010 sit:
1280 2961 1379 3033 quae
1393 2935 1566 3010 universa

430 3057 546 3132 hocce
572 3056 748 3132 fasciculo
775 3073 936 3133 tractare
964 3083 1046 3132 curn
1074 3057 1229 3157 longum
1257 3058 1315 3149 sit,
1343 3059 1490 3158 integra
1517 3082 1565 3133 ea

430 3179 466 3252 in
494 3178 651 3255 alterum
680 3178 891 3254 fasciculum
920 3206 1111 3256 reservare
1139 3196 1316 3280 praestat.

477 3454 503 3521 ι)
523 3455 655 3504 Praeclare
680 3453 713 3504 de
737 3454 868 3504 Platona
887 3453 1061 3520 Orphicorum
1080 3454 1255 3505 doctrinarum
1273 3462 1398 3505 sectatore
1417 3454 1471 3521 agit
1489 3455 1564 3505 Wm·

427 3551 565 3606 Danaam),
584 3540 678 3590 Platon
685 3539 706 3606 ³,
726 3540 862 3607 Stuttgart,
884 3553 948 3605 1901
965 3539 1130 3607 (Frommans
1145 3541 1224 3591 klass.
1240 3542 1265 3592 d.
1282 3541 1380 3592 Philos.
1394 3541 1452 3610 IX).
1467 3542 1501 3592 V.
1511 3543 1565 3592 Der

427 3626 562 3693 Theologe
581 3626 671 3694 (pagg.
693 3626 853 3693 124-148).

474 3712 501 3781 1)
519 3714 626 3764 Platona
646 3713 809 3764 Ideenlehre.
828 3714 947 3780 Leipzig.
969 3726 1045 3780 1903,
1064 3730 1124 3780 pag.
1144 3715 1186 3779 36.

472 3800 513 3851 Cf.
539 3809 672 3868 praeterea
698 3816 758 3866 pag.
784 3800 830 3865 56:
858 3801 923 3865 „wie
948 3799 1026 3850 beide
1044 3800 1174 3852 Schriften
1193 3800 1335 3868 [Phaedrus
1354 3808 1381 3852 et
1399 3801 1520 3869 Gorgias]
1537 3802 1564 3851 in

350 3887 352 3892 ’
427 3886 568 3937 wiederum
582 3887 635 3938 nah
644 3887 822 3954 rerwandten,
831 3887 890 3937 dem
901 3887 1117 3938 Gedankenkreis
1127 3888 1173 3939 der
1182 3888 1286 3954 Orphik
1296 3888 1450 3940 entlehnten
1460 3888 1565 3939 Gleich·

426 3975 516 4024 nissen
535 3972 701 4025 ansfithren.”

471 4077 531 4127 pag.
551 4060 600 4124 84:
621 4062 673 4126 „Es
692 4061 726 4111 ist
747 4061 827 4124 wahr,
845 4060 904 4110 dass
922 4062 1017 4110 Puro
1034 4061 1106 4112 seine
1119 4063 1167 4112 mit
1183 4063 1242 4113 dem
1257 4063 1397 4129 religiosen
1409 4063 1564 4114 Gedanken·

425 4147 494 4198 kreis
516 4148 563 4197 der
578 4147 682 4214 Orphilr
698 4146 1004 4212 zusammenhitngenden
1023 4148 1259 4215 psychologischen
1278 4150 1482 4216 Vorsteilungen
1499 4151 1565 4200 auch

426 4242 509 4299 ronst,
527 4234 594 4284 anch
612 4235 648 4284 im
667 4235 773 4285 Phaedo
792 4234 848 4284 und
867 4234 939 4284 Stant
957 4234 1005 4284 mit
1024 4233 1071 4285 der
1089 4235 1243 4286 Ideenlehre
1262 4252 1343 4300 enger
1361 4236 1513 4302 verkntipit,
1527 4237 1566 4287 als

426 4321 462 4370 irn
480 4321 609 4371 Interesse
620 4321 693 4371 einer
701 4321 793 4371 reinen
804 4320 1008 4386 Dnrchflihrnng
1016 4320 1064 4371 der
1073 4320 1182 4372 letatern
1193 4323 1340 4373 erwttnscht
1349 4321 1410 4373 ist.'’
1419 4323 1564 4373 Posteriora

425 4422 515 4456 annon
534 4423 594 4458 vera
612 4408 674 4475 sint,
692 4407 797 4476 dnbit03
817 4408 863 4459 sed
881 4409 931 4457 hoc
949 4407 1008 4458 loco
1024 4407 1090 4459 nihil
1109 4409 1142 4459 ad
1160 4425 1215 4460 rem
1233 4411 1371 4475 pertinent.
