3717 5575
1915 633 2063 683 200

850 837 1063 885 secus
1109 811 1349 909 agitis,
1398 810 1760 908 laborque
1801 826 2050 884 vester
2098 807 2331 883 multo
2371 826 2487 884 est
2512 808 2785 884 levior:
2819 833 3112 883 enume-

850 934 1028 1007 ratis
1083 934 1266 1007 deos
1312 951 1604 1009 vestros
1649 959 2060 1030 eorumque
2106 958 2389 1031 genera
2437 932 2855 1023 recensetiS,
2905 932 3115 1029 quasi

851 1056 987 1153 ipsi
1034 1056 1488 1130 adfuissetis:
1539 1055 1812 1130 scilicet
1859 1055 1932 1129 id
1983 1055 2249 1146 facere,
2282 1055 2496 1129 vobis
2524 1055 2636 1128 fas
2667 1071 2804 1146 est,
2837 1055 3115 1151 quippe

852 1179 977 1276 qui
1032 1205 1078 1251 a
1136 1179 1271 1251 diis
1317 1179 1430 1251 his
1477 1179 1865 1252 oriundam
1914 1203 2076 1252 esse
2123 1193 2452 1252 vestram
2501 1188 2889 1274 poetarum
2938 1202 3115 1274 gen·

849 1316 1001 1374 tem
1052 1300 1580 1398 profiteamini:
1632 1302 1887 1398 itaque
1933 1301 2029 1373 dii
2078 1301 2395 1374 maiores
2437 1316 2605 1374 sunt
2649 1301 2912 1374 vestri:
2953 1300 3116 1396 quis

850 1439 1100 1497 autem
1161 1424 1478 1497 maiores
1532 1448 1706 1496 suos
1763 1448 1912 1496 non
1962 1423 2294 1497 noverit?
2344 1422 2528 1495 Mihi
2574 1448 2756 1496 vero
2804 1423 2915 1495 fas
2964 1447 3113 1494 non

851 1562 986 1636 est,
1037 1545 1304 1636 dicere,
1354 1570 1550 1642 quae
1599 1546 1963 1620 nesciam:
2014 1547 2266 1642 itaque
2311 1571 2450 1619 vos
2488 1571 2609 1619 me
2638 1546 2945 1636 docete3
2976 1570 3116 1618 vos

849 1668 1045 1741 enim
1102 1668 1337 1765 probe
1395 1669 1644 1741 nostis,

961 1791 1176 1865 Haec
1232 1791 1405 1865 mihi
1463 1817 1595 1887 per
1649 1792 1960 1864 ironiam
2017 1791 2431 1891 significare
2480 1791 2772 1865 videtur
2820 1791 3110 1864 PLATo:

850 1940 1045 2012 quae
1101 1940 1269 1988 cum
1325 1914 1423 1988 ad
1477 1915 1900 2005 Timaeum,
1961 1930 2116 1988 tum
2174 1914 2272 1988 ad
2320 1914 2711 1987 universae
2759 1914 2915 1986 eius
2962 1912 3112 2009 phi-

848 2036 1236 2134 losophiae
1292 2037 1656 2110 rationem
1715 2036 1996 2133 optime
2054 2053 2234 2133 puto
2294 2036 2686 2133 quadrare.

963 2283 1179 2358 Haec
1235 2283 1457 2357 habui
1515 2309 1711 2380 quae
1767 2283 1862 2357 de
1919 2282 2058 2356 loci
2117 2282 2721 2379 interpretatione
2769 2281 3109 2355 dicerem.

848 2405 1162 2479 Summa
1259 2421 1509 2479 autem
1594 2421 1709 2478 est
1792 2405 2020 2479 haec:
2107 2404 2469 2477 iniuria
2552 2403 2854 2477 verba
2934 2414 3114 2496 τοῖς

849 2529 1302 2631 εἰρηκόσιν
1359 2525 1844 2631 ἔμπροσθεν
1902 2528 2018 2602 ad
2077 2527 2576 2625 Orpheum
2634 2525 3012 2600 referri.

970 2798 995 2845 1
1025 2798 1083 2846 1.
1140 2771 1367 2846 Hisce
1414 2772 1513 2846 ad
1543 2772 1818 2846 exitum
1849 2772 2219 2869 perductis
2239 2769 2290 2870 1)
2322 2772 2457 2847 toti
2487 2771 2654 2846 huic
2683 2771 2779 2846 de
2808 2771 3119 2870 Orpheo

862 2927 925 2936 ...-
1105 2925 1179 2933 --ο-
1185 2925 1232 2931 -.ο

947 3002 998 3069 1)
1036 3003 1192 3052 Mitto
1229 3002 1316 3052 hic
1353 3002 1525 3052 dicere
1563 3002 1628 3052 de
1667 3003 1869 3068 Protag.
1911 3002 2013 3066 316
2035 3003 2104 3068 D,
2143 3002 2339 3067 Cratyl.
2370 3015 2475 3064 400
2497 3002 2558 3065 C,
2590 3017 2722 3067 quos
2741 3002 2888 3051 locos
2909 3002 3119 3051 Wzmm

853 3099 1215 3140 commemorat
1283 3107 1329 3139 0.
1366 3090 1401 3139 l.
1469 3106 1588 3155 pag.
1655 3102 1750 3154 33:
1819 3091 2076 3156 posterior
2142 3090 2253 3140 sine
2314 3090 2475 3139 dubio
2535 3089 2602 3138 ad
2659 3088 2799 3138 solos
2860 3090 3120 3155 Orphicos

857 3180 1107 3240 pertinet:
1163 3177 1307 3242 quod
1360 3192 1424 3225 ex
1478 3192 1540 3225 eo
1595 3177 1796 3241 colligit
1855 3178 2064 3225 WEBER
2119 3175 2290 3241 („Der
2346 3176 2485 3225 Satz:
2547 3177 2681 3239 „Die
2739 3176 2887 3226 Seele
2941 3177 3008 3226 ist
3062 3178 3117 3227 in

853 3264 953 3312 deu
997 3264 1121 3313 Leib
1159 3264 1236 3313 als
1272 3264 1330 3313 in
1366 3263 1449 3312 ihr
1486 3263 1774 3327 Gefdngnis
1811 3262 2076 3329 gebannt‘'
2116 3263 2243 3312 wird
2281 3263 2352 3312 im
2390 3262 2525 3314 Crat.
2565 3264 2732 3325 400C
2771 3263 2849 3313 als
2885 3264 2969 3313 ein
3003 3264 3119 3313 Satz

857 3352 1037 3412 „defer
1094 3366 1180 3399 um
1243 3347 1342 3399 O.’'
1406 3348 1699 3413 angefuhrt,
1756 3348 1821 3397 O.
1877 3349 2201 3399 demnach
2255 3348 2425 3397 doch
2482 3348 2658 3398 wohl
2710 3350 2813 3399 als
2870 3350 3119 3401 Stifter

853 3436 1041 3484 einer
1087 3436 1256 3485 nach
1307 3435 1438 3485 ihm
1495 3437 1885 3485 benannten
1938 3436 2136 3486 Sekte
2181 3435 2646 3503 betrachtet”),
2696 3437 2753 3486 id
2790 3437 2949 3502 quie
2987 3438 3118 3488 PLA-

853 3536 1009 3572 Toffls
1049 3524 1217 3572 verbis
1255 3523 1387 3572 effici
1426 3524 1608 3588 possit,
1646 3539 1753 3573 non
1792 3524 1974 3572 video:
2016 3522 2261 3588 Orphicis
2298 3539 2489 3572 nomen
2526 3533 2634 3573 erat
2664 3521 2716 3569 οἱ
2739 3520 2877 3585 ἀμφῖ
2908 3520 3119 3584 Ὀρφίας

853 3612 1029 3672 itaque
1077 3608 1424 3674 Orphicorum
1469 3611 1782 3658 sententiam
1828 3610 2067 3675 afferens,
2115 3608 2314 3674 vulgari
2366 3625 2471 3674 quo
2509 3610 2872 3661 indicabantur
2907 3612 3119 3662 nomine

857 3696 1013 3744 utitur
1053 3696 1257 3745 PLATO:
1298 3692 1350 3740 o!
1375 3691 1511 3755 ἀμφῖ
1543 3692 1754 3756 Ὀρφέως
1792 3696 2017 3761 amplius
2054 3695 2203 3748 nihil.

945 3784 1086 3832 Prior
1117 3789 1290 3832 autem
1320 3781 1465 3831 locus
1496 3783 1697 3832 etiamsi
1727 3782 1793 3831 ad
1825 3783 1997 3847 ipsum
2032 3782 2298 3847 Orpheum
2318 3783 2385 3832 sit
2404 3782 2721 3847 referendus,
2741 3785 3117 3836 PROTAGORAB

857 3868 1159 3932 opinionem
1196 3869 1450 3933 continet,
1488 3884 1596 3918 non
1635 3869 1915 3920 SOCRATIS.

945 3956 1207 4005 Praeterea
1241 3956 1327 4005 hic
1364 3956 1465 4004 iam
1497 3964 1712 4006 tractare
1746 3963 1979 4021 poteram
2010 3956 2181 4006 locum
2214 3956 2278 4005 de
2306 3972 2412 4021 quo
2434 3964 2616 4022 postea
2634 3966 2833 4023 agetur,
2853 3958 3121 4009 Phaedon.

857 4044 921 4102 15¹3
945 4044 985 4088 C
1037 4044 1181 4091 dico:
1227 4038 1310 4087 καὶ
1344 4036 1672 4088 κινδυνεύουσι
1709 4038 1794 4087 καὶ
1828 4040 1881 4088 οἱ
1908 4040 2005 4097 τὰς
2039 4041 2255 4098 τελετὰς
2289 4039 2404 4101 ἧμῖν
2439 4034 2575 4090 οὗτοι
2613 4042 3036 4102 καταστήσαντες
3068 4042 3123 4093 οὔ

853 4128 1033 4184 &afflans
1073 4122 1210 4181 εἶναι,
1245 4126 1384 4175 ἀλλὰ
1421 4132 1491 4189 τῷ
1524 4124 1631 4175 ’dn-e
1668 4125 1830 4175 πάλαι
1866 4125 2196 4184 αἰνίττεσθαι,
2230 4126 2311 4176 ὅτι
2349 4138 2497 4178 maza.

949 4208 1139 4272 Utique
1174 4210 1326 4259 huius
1364 4211 1468 4260 loci
1508 4211 1807 4278 testimonio
1848 4227 1981 4276 quae
2020 4228 2175 4277 supra
2212 4214 2354 4277 quod
2390 4214 2455 4263 ad
2494 4215 2766 4263 PLAToms
2802 4215 2868 4265 de
2907 4215 3123 4281 Orpheo

861 4296 1165 4345 sententiam
1214 4296 1387 4362 docui,
1424 4312 1739 4362 magnopere
1779 4297 2022 4347 videntur
2058 4298 2365 4349 confirmari.
2400 4300 2609 4350 Etenim
2644 4301 2912 4367 Orpheum
2945 4309 3133 4366 myste-

865 4381 1045 4429 rial-um
1105 4382 1169 4431 de
1225 4384 1415 4447 quibus
1471 4383 1555 4433 hic
1610 4384 1778 4447 agitur
1833 4385 2155 4434 conditorem
2210 4385 2388 4449 fuisse,
2442 4387 2569 4437 haec
2627 4388 2897 4438 PLA‘roms
2947 4390 3131 4438 aetatis

861 4469 1146 4518 cummunis
1196 4469 1303 4519 fere
1352 4478 1461 4519 erat
1510 4470 1713 4535 opinio,
1764 4469 1820 4519 id
1869 4471 2012 4535 quod
2063 4472 2317 4537 imprimis
2366 4482 2585 4539 apparet
2623 4490 2685 4524 ex
2725 4476 3132 4526 ARISTOPHANIS

865 4553 953 4601 illu
993 4571 1138 4605 versu
1176 4557 1310 4605 Rau.
1355 4568 1517 4618 1032:

1093 4670 1282 4731 Ορφιΰς
1317 4668 1408 4729 μὶν
1441 4670 1540 4733 γὰρ
1576 4669 1794 4729 τελετάς
1830 4670 1872 4719 0²
1906 4669 2020 4732 ἡμῖν
2054 4670 2311 4739 κατέδειξε
2345 4676 2499 4736 φόνων
2533 4677 2583 4724 τ’
2617 4673 2922 4739 ἀπέχεσθαι.
