3717 5575
819 624 868 714 87

281 823 338 894 καὶ
373 817 473 920 μελος
508 817 680 920 ἐλευθέρων
717 803 761 895 αὖ
798 824 856 898 καὶ
890 820 1054 924 σχήματα
1079 827 1241 915 ξυνθεῑσαι
1267 820 1410 930 ῥυθμοὺς

280 934 405 1016 δούλων
442 946 499 1018 καὶ
537 939 747 1043 ἀνελευθέρων
784 943 1046 1046 προσαρμόττειν,
1081 939 1151 1022 οὐδ’
1187 931 1229 1021 αὖ
1266 944 1410 1050 ῥυθμοὺς

280 1066 335 1138 καὶ
376 1074 495 1164 σχῆμα
530 1061 700 1166 εθευθέριον
736 1062 898 1140 ὑποθεῖσαι
934 1064 1036 1166 pellor
1074 1064 1096 1147 θ
1134 1064 1230 1168 λέγον
1266 1069 1408 1147 ἐναντιόν

278 1181 454 1261 οἷποδοῦναι
480 1192 547 1275 τοῖς
574 1188 722 1288 ῥυθμοῖς,
750 1180 793 1261 ἔτι
820 1184 857 1261 δὲ
879 1190 996 1289 θηρίων
1020 1181 1129 1289 φωνὰς
1156 1194 1212 1265 καὶ
1236 1186 1408 1293 ἀνθρώπων

277 1308 333 1384 καὶ
369 1302 514 1408 ὀρμίνωυ
552 1312 608 1382 καὶ
645 1302 770 1399 ποίντας
805 1305 925 1411 ψθρους
962 1313 1005 1400 εἰς
1040 1305 1138 1386 ταὺτὸ
1175 1306 1234 1387 οὐκ
1268 1306 1308 1390 σ’ἱν
1336 1344 1408 1393 ποτε

277 1432 427 1530 ξυνθεῑεν,
451 1431 495 1518 ὡς
517 1423 548 1506 ἕν
569 1460 602 1504 τε
624 1424 844 1532 μιμούμεναι·
870 1437 1000 1519 ποιηταὶ
1022 1426 1054 1509 θ’
1077 1430 1267 1535 ἀνθρώπινοι
1282 1435 1409 1540 σρθθροι

275 1544 316 1626 τοὶ
344 1557 479 1628 τοιαῦτα
505 1549 714 1652 ἐμπλέκοντες
741 1559 798 1629 καὶ
826 1565 1049 1654 συγκυκῶντες
1076 1551 1205 1657 αθθγως
1231 1553 1344 1659 prior
1366 1557 1408 1638 riv

274 1669 547 1775 παρασκευάζοιεν
566 1686 629 1748 τῶν
644 1670 818 1776 ανθρώπων
832 1672 926 1765 ὅσους
940 1676 1035 1775 φησὶν
1050 1668 1178 1779 Ὀρφεὺς
1193 1682 1307 1780 λαχεῖν
1321 1678 1408 1785 ὥραν

277 1807 334 1885 τῆς
360 1794 495 1898 τέρψιος.

330 1913 390 1989 Sic
420 1915 628 1989 Homerum
656 1941 702 1989 ex
730 1940 770 1989 re
798 1915 946 2013 publica
974 1942 1087 2014 quam
1115 1919 1183 1993 sibi
1207 1919 1322 2014 finxit,
1346 1945 1406 1998 ex·

278 2039 551 2113 terminandum
578 2063 661 2112 esse
689 2053 816 2112 censet
843 2039 982 2112 Pmro.
1000 2035 1026 2136 ¹)

330 2159 390 2234 Sic
424 2161 585 2258 denique
614 2160 710 2258 Rep.
741 2160 863 2255 607ss
890 2161 1032 2253 dicitur,
1057 2161 1103 2239 ἔτι
1126 2160 1253 2241 παλαιὰ
1277 2166 1338 2269 μέν
1360 2200 1407 2261 τις

275 2278 415 2389 διαφορὰ
444 2289 612 2386 φιλοσοφίᾳ
638 2314 671 2360 τε
699 2290 755 2360 καὶ
783 2279 988 2389 murmuris)

329 2407 439 2501 Quae
467 2422 594 2480 tamen
621 2405 671 2480 ad
694 2405 814 2502 ipsam
837 2416 999 2502 poeseos
1021 2421 1193 2481 naturam
1208 2433 1283 2483 non
1298 2412 1406 2507 perti·

277 2544 385 2602 nent:
410 2529 458 2602 de
478 2552 553 2625 qua
567 2526 678 2625 plane
692 2525 799 2601 aliter
812 2528 948 2602 iudicat
964 2529 1109 2603 Pharo:
1126 2555 1240 2627 qnam
1255 2533 1405 2607 omnino

276 2677 351 2725 non
374 2646 627 2747 contemnit,³)
652 2675 764 2747 quam
789 2650 955 2724 divinam
977 2677 1060 2725 esse
1083 2668 1221 2746 censet,
1236 2650 1264 2750 ⁴)
1278 2680 1404 2751 quam,

275 2772 359 2849 licet
386 2774 435 2849 ad
463 2771 721 2873 philosophiae
744 2773 943 2848 veritatem
966 2799 1040 2848 non
1064 2776 1220 2851 accedat
1232 2774 1305 2871 illa,
1321 2776 1406 2855 licet

276 2898 325 2971 ad
347 2897 452 2991 δόξαν
475 2897 658 2994 pertineat
681 2897 801 2995 magis
824 2922 938 2995 quam
961 2897 1011 2970 ad
1033 2900 1223 3001 ἐπιστήμην,
1247 2899 1404 2976 multum

276 3035 402 3093 tamen
428 3018 556 3093 valere
584 3035 690 3116 putat
717 3019 767 3094 ad
793 3019 940 3093 animos
967 3019 1101 3093 virtute
1128 3019 1363 3098 excolendos.
1376 3022 1402 3119 ὅ)

321 3204 347 3269 ι)
366 3203 406 3253 ef.
425 3202 567 3253 summu
585 3217 609 3251 o.
620 3202 636 3253 l.
656 3218 716 3267 pag.
735 3199 778 3251 28.

319 3289 348 3355 2)
366 3289 406 3339 Cf.
431 3289 463 3339 de
486 3289 535 3339 hac
558 3303 585 3338 re
608 3288 753 3338 Herum
771 3303 796 3337 o.
806 3287 824 3336 1.
844 3303 903 3353 pag.
924 3298 976 3351 309
994 3287 1054 3337 adn.
1074 3297 1140 3355 2053
1159 3290 1194 3340 H.
1214 3290 1289 3357 Wns,
1307 3291 1403 3343 Pluto‘s

274 3376 391 3427 Politeia.
410 3376 535 3442 Amhem‚
554 3374 648 3425 Goude
665 3374 758 3440 Quint,
779 3372 854 3439 1885.
874 3389 934 3439 pag.
952 3384 986 3438 54
1001 3382 1026 3423 et
1042 3374 1102 3424 adn.
1112 3386 1155 3438 93.
1167 3376 1286 3427 Ceterum
1296 3378 1404 3430 interest

274 3465 342 3514 inter
360 3464 452 3530 poesin
470 3470 497 3513 et
515 3462 617 3528 poesin.
634 3461 779 3527 „Nimirum
797 3460 878 3524 lyrica
889 3498 895 3511 .
906 3497 930 3510 ..
950 3461 1038 3526 poesis
1056 3463 1190 3527 cognatior
1208 3464 1259 3529 ipsi
1278 3464 1402 3534 [Plutoni]

275 3551 330 3601 vira
357 3557 396 3601 ert
422 3566 497 3600 verae
521 3548 644 3614 musicae,
667 3549 685 3598 i.
696 3564 718 3599 e.
743 3547 925 3614 philosophiae
951 3547 1040 3615 [quam
1064 3549 1176 3616 epica].”
1199 3549 1347 3617 (Struma.²
1369 3554 1403 3604 ad

271 3637 380 3687 Pheedr.
398 3649 449 3701 243
460 3635 505 3704 A).

317 3725 345 3792 3)
363 3725 403 3776 cf.
423 3725 490 3775 Tim.
512 3725 594 3789 19D:
612 3720 667 3772 οθτι
684 3723 715 3771 τὸ
733 3723 859 3780 ποιητικὸν
875 3720 1010 3788 ἀτιμάζειν
1029 3719 1101 3785 γένος

318 3810 347 3876 4)
364 3810 505 3862 Sturium
519 3809 562 3859 o.l.
579 3827 638 3877 pag.
659 3823 701 3873 14:
722 3812 792 3875 „Das
807 3811 904 3861 hohere
920 3811 1102 3862 Geistcsleben
1113 3812 1159 3862 des
1169 3811 1291 3864 Dichters
1300 3814 1334 3864 ist
1342 3814 1400 3865 eine

273 3898 454 3949 unmittelbare
479 3896 705 3963 Gottesgabe3...
730 3898 780 3947 Die
806 3898 890 3964 Klurr,
914 3898 957 3948 die
981 3906 1054 3948 ronst
1078 3898 1124 3948 dns
1143 3899 1322 3951 Mensehliche
1341 3917 1400 3951 vom

274 3985 425 4036 Gdttlichen
446 3992 543 4051 trennt,
560 3986 594 4034 ist
611 3985 669 4035 hier
685 3985 767 4035 durch
785 3985 862 4035 einen
881 3985 986 4051 Sprung
1004 3985 1207 4036 ilberwunden.”

318 4074 366 4123 lon
387 4082 436 4137 535
448 4073 485 4122 A:
504 4069 550 4118 καί
564 4086 606 4129 μοι
624 4066 735 4119 δοκοῦσιν
750 4069 802 4135 θείᾳ
816 4069 890 4136 μοίρᾳ
904 4068 962 4130 ἡμῖν
976 4072 1043 4132 παρὰ
1057 4074 1107 4119 τᾶν
1121 4069 1178 4119 θιόν
1187 4070 1402 4134 ταῦταοὶὶγαθοὶ

270 4154 373 4213 ποιηταὶ
389 4152 534 4217 immrito.
552 4158 592 4208 Cf.
612 4157 752 4209 STAuuLm
772 4158 815 4208 o.l.
835 4174 894 4224 pag.
916 4158 957 4208 16.

316 4246 343 4313 5)
362 4245 402 4296 cf.
427 4246 460 4295 de
484 4245 517 4295 iis
542 4260 609 4309 qnae
634 4245 667 4295 de
691 4244 765 4309 poesi
789 4245 832 4294 hic
856 4245 987 4307 dicuntur,
1012 4246 1077 4294 Huc
1101 4244 1135 4294 ad
1155 4245 1274 4311 Sympos.
1301 4247 1401 4310 209A:

270 4330 328 4390 ,καὶ
351 4331 377 4379 οἱ
396 4328 499 4385 ποιηταὶ
521 4327 621 4385 πάντες.
644 4332 698 4380 Das
723 4331 865 4381 klussische
890 4331 1039 4380 Alterthum
1056 4331 1139 4381 kennt
1158 4332 1201 4381 die
1219 4331 1331 4382 Theorie
1350 4349 1402 4382 ron

272 4419 318 4470 der
335 4417 582 4483 Tendenzlosiglreit
600 4418 646 4467 der
665 4418 755 4466 Poesie
774 4417 855 4468 nicht.
874 4418 929 4466 Der
948 4417 1034 4467 wahre
1052 4418 1144 4468 Werth
1160 4418 1205 4468 des
1221 4418 1342 4468 Dichters
1357 4420 1402 4469 be·

273 4506 340 4557 steht
365 4506 392 4555 in
418 4505 464 4555 der
487 4505 640 4568 Forderung
660 4503 706 4553 der
724 4503 848 4554 Einsicht
862 4504 917 4553 und
935 4503 1048 4569 Tugend
1065 4513 1141 4554 unter
1159 4505 1210 4555 den
1230 4505 1402 4571 Mithhrgem.

272 4594 304 4643 In
328 4593 426 4643 diesem
451 4591 553 4642 Punkte
578 4592 698 4641 stimmen
722 4590 803 4641 selbst
828 4590 870 4641 die
895 4591 991 4641 beiden
1016 4591 1167 4657 Antipoden
1187 4591 1332 4658 Aeschylos
1350 4593 1405 4643 und

275 4679 415 4747 Euripides
433 4678 568 4730 uberein.'’
