3717 5575
820 671 868 744 59

277 850 446 949 losophos
480 847 661 947 appellare
696 845 898 945 solemus.¹)
935 850 1060 947 Itaque
1094 852 1128 923 in
1164 877 1229 925 eos
1263 876 1410 949 quoque

278 989 355 1048 erat
380 972 632 1071 inquirendum,
662 972 721 1069 qui
747 980 840 1076 σοφοί
863 973 1035 1046 dicuntur.

329 1097 517 1169 Praeterea
544 1119 663 1191 neque
686 1093 755 1167 hoc
776 1092 991 1167 vocabulum
1014 1095 1110 1198 σοφός
1132 1112 1267 1169 certam
1279 1095 1410 1193 ubique

276 1219 386 1292 habet
407 1218 478 1291 vim
491 1252 499 1309 3
511 1216 536 1314 Ξ)
559 1241 642 1291 narn
661 1217 690 1290 si
703 1216 864 1308 haberet,
878 1217 968 1291 effici
981 1233 1132 1315 poterat,
1148 1244 1228 1291 cum
1242 1226 1411 1322 φιλοσοφία

277 1356 371 1415 esset
397 1354 508 1432 κτῆσις
536 1341 727 1442 ἐπιστήμης,
755 1364 844 1439 ergo
873 1347 969 1443 copia
995 1339 1090 1414 idem
1118 1341 1214 1438 quod
1237 1343 1410 1444 ἐπιστήμη,

276 1464 395 1561 itaque
417 1471 437 1540 ὁ
458 1462 553 1566 σοφός
571 1460 769 1560 possideret
783 1464 976 1566 ἐπιστήμην,
996 1462 1272 1564 Protagoras
1291 1479 1410 1537 autem

277 1585 510 1660 nominaretur
527 1584 635 1686 σοφός,
657 1584 968 1682 Protagoram,
982 1599 1040 1677 τῆς
1054 1589 1156 1679 δσξῆς
1169 1585 1264 1659 illum
1278 1585 1410 1683 proles·

277 1733 406 1798 sorem,
421 1707 467 1780 de
481 1706 661 1779 Pnaroms
674 1706 846 1779 sententia
858 1706 1042 1803 possidere
1051 1710 1245 1812 ἐπιστήμην,
1255 1709 1338 1817 δέξῃ
1349 1734 1410 1804 op·

276 1831 447 1927 positam!
474 1828 596 1918 Vides,
615 1853 723 1926 quam
738 1825 865 1901 multas
877 1828 968 1902 tales
981 1854 1039 1903 res
1050 1830 1209 1904 habeant
1221 1831 1411 1920 cautiones,

278 1979 359 2026 curn
372 1953 512 2049 insuper
524 1949 604 2024 ahhi
617 1950 711 2023 idern
732 1952 1007 2050 Protagoras
1027 1951 1226 2050 appelletur
1239 1956 1409 2056 σοφισπὴςι

331 2074 363 2148 Ε
398 2074 524 2172 quibus
559 2073 722 2146 omnibus
758 2074 866 2146 rebus
901 2073 1065 2170 sequitur,
1093 2090 1141 2148 ut
1166 2075 1209 2148 in
1236 2075 1412 2148 univer·

277 2223 373 2272 sum
400 2194 514 2269 nihil
541 2194 807 2293 profecturi
833 2195 997 2286 simus,
1026 2195 1412 2294 ephilosophiae

278 2320 470 2394 nodone
510 2317 709 2391 efficere
749 2333 1001 2409 conantes,
1042 2317 1098 2392 de
1133 2319 1409 2417 quibusnam

277 2443 362 2516 hac
389 2440 705 2538 disputatione
730 2440 789 2513 sit
816 2438 1112 2539 dicendum.³)

331 2566 455 2662 ltaque
491 2561 570 2636 nihil
606 2577 727 2651 restat,
764 2563 825 2636 nisi
863 2579 902 2637 ut
938 2563 987 2637 ab
1019 2564 1069 2656 iis,
1108 2565 1166 2662 qni
1201 2563 1268 2638 hac
1294 2578 1414 2637 aetate

278 2689 312 2761 in
344 2685 702 2785 prae-Socraticorum
735 2683 1024 2783 philosophorum
1057 2713 1204 2762 numero
1225 2687 1412 2777 habentur,

277 2810 547 2909 proficiscamur,
582 2808 771 2882 indicemus
797 2825 930 2900 autem,
959 2810 987 2883 si
1014 2812 1146 2908 quain
1172 2837 1211 2885 re
1239 2811 1414 2908 discrepet

280 2934 422 3024 Pnnr03
450 2931 485 3004 id
509 2929 606 3028 quod
629 2956 674 3003 ne
696 2930 837 3028 saepius
858 2930 932 3023 fiat,
954 2958 1024 3006 non
1045 2933 1318 3023 estverendum,
1333 2958 1413 3005 cum

278 3055 403 3129 horum
422 3051 709 3151 philosophorum
723 3052 934 3151 dogmatum
948 3055 1147 3129 Pnnrouau
1161 3055 1305 3151 eiusque
1318 3054 1413 3127 disci-

279 3176 399 3275 pulum
429 3176 690 3248 Ams‘rorannu
717 3174 884 3272 imprimis
910 3177 1012 3250 nobis
1038 3203 1119 3252 esse
1146 3178 1279 3252 iontem
1306 3201 1414 3273 supra

278 3296 620 3393 hmfflmmff

335 3568 369 3637 4.
398 3543 460 3617 De
482 3567 553 3616 una
571 3557 693 3617 tamen
705 3569 745 3617 re
758 3544 924 3642 imprimis
938 3558 994 3617 est
1006 3570 1067 3617 cur
1079 3544 1213 3618 addam
1228 3542 1412 3618 nonnulla:

281 3667 527 3767 quaeritur
557 3664 746 3740 scilicet
772 3667 849 3740 ubi
875 3667 1087 3764 incipere
1114 3667 1328 3765 putanda
1353 3667 1414 3740 sit

329 3928 356 3995 1)
374 3929 405 3978 ln
424 3928 573 3977 universum
591 3926 667 3986 σοφός
684 3924 766 3990 magis
785 3926 849 3975 mihi
868 3925 970 3976 videtur
985 3943 1001 3975 a
1016 3927 1146 3976 Pmoun
1161 3928 1279 3992 usurpari
1295 3943 1343 3992 pro
1352 3927 1414 3976 artis

283 4015 420 4080 vocabulo,
437 4014 473 4063 ita
491 4020 519 4063 ut
538 4029 583 4063 eos
601 4013 729 4077 significet
747 4012 843 4076 quibus
858 4028 954 4062 nomen
966 4012 1130 4077 philosophis
1145 4014 1192 4081 sit3
1208 4030 1268 4064 cnm
1282 4014 1415 4075 Φιλόσσφσι

284 4102 336 4151 sint
360 4102 389 4167 ii,
412 4101 459 4165 qui
483 4101 514 4150 de
537 4100 659 4149 Platonis
679 4100 915 4149 sententiaverunt
936 4100 1030 4149 liabent
1047 4100 1213 4164 sapientiam.
1231 4102 1287 4150 Nec
1306 4117 1367 4151 vero
1385 4101 1412 4151 in

285 4204 374 4237 omnes
392 4187 464 4236 locos
482 4187 553 4236 cadit
570 4186 620 4236 hoc
636 4186 783 4235 discrimen.

330 4274 358 4341 2)
375 4273 484 4323 Phaedr.
500 4283 551 4337 235
562 4274 587 4321 D
602 4274 715 4322 invicem
732 4274 869 4323 Anacreon
886 4277 963 4338 σοφός
973 4272 1081 4323 dicitur:
1092 4270 1265 4334 Ἀνακρέοντος
1273 4274 1319 4322 rati
1329 4275 1416 4336 σοφοῦ.

330 4360 358 4429 3)
376 4360 494 4427 Accedit,
520 4360 592 4425 qnod
609 4359 658 4409 hnc
677 4359 776 4408 ratione
795 4367 821 4408 et
840 4359 915 4425 plura
933 4360 974 4409 bis
993 4370 1079 4411 essent
1098 4361 1217 4427 dicenda,
1236 4378 1294 4412 cunr
1313 4364 1414 4429 Pharo,

284 4450 354 4498 inter
372 4448 545 4514 philosophos
560 4447 674 4513 aliquem
693 4463 856 4514 enumerans,
872 4447 950 4496 simul
969 4448 1001 4497 de
1017 4465 1049 4498 eo
1065 4448 1190 4499 iudicium
1205 4449 1284 4516 ἱεῖσι,
1299 4450 1413 4516 denique

286 4551 339 4585 non
366 4535 429 4585 satis
457 4541 603 4600 appareret,
631 4534 653 4583 si
680 4534 744 4599 qnid
769 4534 837 4583 inter
860 4534 978 4584 Platonis
996 4542 1021 4584 et
1041 4542 1155 4586 nostram
1173 4537 1300 4586 rationein
1315 4545 1414 4588 extaret

280 4621 446 4672 discriminis.

327 4705 555 4777 damn
