3717 5575
1609 704 1748 774 193

539 892 652 951 tas
724 904 1011 970 causaS‚
1068 903 1195 951 cur
1250 878 1345 951 de
1401 903 1494 952 ea
1547 893 1868 952 taceret:
1928 879 2105 952 hoc
2162 893 2481 951 autem
2540 903 2806 974 argu-

539 1018 960 1076 mentum
1053 1001 1130 1074 si
1221 1000 1622 1075 additur
1712 1001 1834 1074 iis
1909 1027 2157 1099 quae
2238 1027 2537 1098 supra
2624 1000 2805 1073 iam

540 1123 1098 1215 attulimu5‚
1200 1123 1452 1197 satis
1554 1123 1781 1196 mihi
1884 1123 2366 1220 probasse
2458 1122 2807 1197 videor

537 1246 765 1320 Tim.
839 1270 959 1339 40
1017 1246 1090 1319 D
1162 1245 1496 1321 verbis
1556 1256 1739 1338 τοῖς
1794 1246 2251 1350 εἰρηκόσιν
2311 1243 2803 1348 ἔμπροσθεν

540 1368 1033 1465 Orpheum
1091 1394 1275 1442 non
1331 1367 1925 1465 significari.

644 1615 972 1710 Quinam
1057 1615 1279 1713 igitur
1360 1631 1532 1687 sunt
1613 1630 1955 1689 auctores
2040 1613 2161 1706 illi,
2248 1615 2555 1688 deorum
2640 1609 2807 1684 filii?

542 1737 936 1811 Musaeum
1029 1762 1176 1810 non
1262 1736 1426 1829 dici,
1508 1735 1896 1812 ZELLERUS
1978 1736 2555 1812 demonstravit:
2641 1759 2804 1824 ηοε,

537 1861 842 1934 KERNIO
926 1859 1437 1951 assentiente5‚
1512 1862 1910 1934 ostendere
1981 1860 2226 1934 conati
2299 1884 2575 1948 summ,
2648 1881 2797 1929 non

537 1985 658 2082 agi
706 1985 802 2057 de
850 1983 1182 2081 Orpheo.
1245 1985 1573 2078 Quinam
1622 1985 1843 2083 igitur
1879 1986 2091 2058 sunt?
2141 1984 2380 2080 Ipsius
2427 1982 2804 2055 PLATole
2864 2014 2869 2020 ·

535 2107 808 2204 scripta
880 2105 954 2178 id
1028 2105 1350 2179 indicare
1426 2105 1601 2179 mihi
1676 2107 2059 2180 videntur:
2137 2108 2327 2203 Rep.
2390 2105 2456 2176 II
2539 2109 2681 2198 365
2738 2100 2802 2173 E

539 2228 1005 2302 Ammmus
1080 2229 1264 2302 deos
1337 2253 1487 2302 non
1550 2229 1752 2302 nosci
1817 2228 1994 2303 dicit
2052 2228 2183 2302 nisi
2242 2254 2284 2301 e
2339 2225 2805 2300 sermonibus

536 2352 991 2448 stirpemque
1047 2351 1650 2425 enumerantibus
1708 2351 1991 2448 poetis:
2041 2356 2095 2428 εἰ
2137 2350 2209 2428 δὲ
2249 2356 2370 2429 εἰσί
2408 2383 2470 2427 τε
2518 2356 2632 2426 καὶ
2680 2350 2802 2424 ε’πι·

529 2481 873 2575 μελοῦνται
953 2470 1122 2575 [dii],
1199 2471 1315 2551 οὐκ
1391 2469 1663 2551 ἄλλοθέν
1727 2506 1822 2551 τοι
1872 2471 2107 2565 αὐτοὺς
2164 2483 2343 2575 ἴσμεν
2401 2473 2442 2554 ἢ
2511 2469 2802 2561 α’κηκόα·

529 2628 647 2698 μεν
702 2596 744 2677 ἢ
807 2593 878 2673 ἔκ
931 2628 995 2672 τε
1050 2611 1177 2672 τῶν
1235 2595 1447 2700 λέγων
1505 2598 1619 2672 καὶ
1666 2611 1798 2676 τῶν
1844 2593 2453 2698 γενεαλογησάντων
2501 2608 2799 2684 ποιητῶν.

531 2716 614 2791 In
672 2717 934 2791 horum
993 2743 1302 2792 numero
1361 2717 1612 2793 referri
1675 2717 2101 2808 HOMERUM‚
2165 2716 2629 2792 manifestum
2692 2731 2805 2790 est

531 2865 624 2914 ex
696 2840 783 2913 iis
855 2866 1052 2937 quae
1125 2857 1573 2940 sequuntur:
1633 2845 1692 2920 οἱ
1747 2840 1819 2919 δὲ
1878 2839 2056 2920 αὐτοὶ
2115 2829 2284 2918 οὗτοι
2340 2842 2661 2944 λέγουσιν,
2716 2873 2802 2931 ως

533 2967 680 3041 εἰσὶν
755 2960 871 3040 οἷοι
928 2968 1176 3055 θυσίαις
1228 2996 1294 3041 τε
1354 2972 1466 3042 καὶ
1522 2961 1847 3068 εὐχωλαῖς
1901 2964 2189 3071 οἷγανῇσι
2246 2967 2359 3040 καὶ
2417 2962 2804 3065 α’ναθήμασι

531 3083 928 3189 παράγεσθαι
1000 3084 1513 3190 α’ναπειθόμενοι,
1570 3112 1764 3184 quae
1820 3086 2053 3160 verba
2109 3083 2365 3183 procul
2423 3084 2649 3157 dubio
2704 3083 2803 3156 ad

540 3206 985 3281 Homericos
1058 3206 1222 3281 illos
1293 3235 1554 3283 versus
1625 3224 1991 3306 spectant,
2048 3234 2226 3306 pag.
2291 3214 2441 3302 364
2500 3208 2574 3279 D
2631 3231 2794 3303 sqq.

536 3327 845 3421 allatos3
876 3327 928 3428 ¹)
983 3330 1390 3406 HEstuM
1437 3333 1535 3406 ad
1582 3358 1715 3406 eos
1764 3333 2154 3429 pertinere,
2188 3356 2279 3405 ex
2312 3328 2589 3427 Cratyli
2635 3328 2802 3402 loco

540 3459 689 3546 396
749 3453 813 3526 C
869 3470 1206 3551 apparet.
1240 3452 1294 3552 ⁹)

644 3575 847 3649 Inter
919 3592 1317 3675 utrumque
1376 3576 1619 3651 locum
1678 3578 1861 3652 mira
1919 3576 2320 3651 similitudo
2376 3574 2801 3649 intercedit:

535 3712 847 3796 uterque
920 3699 1017 3773 de
1089 3700 1520 3799 vulgaribus
1585 3701 1696 3774 dis
1752 3701 1948 3799 agit3
2005 3715 2267 3774 neuter
2323 3697 2801 3795 despicientia

630 3992 682 4058 1)
717 3989 769 4038 οἱ
809 3987 865 4038 δί
908 3991 1000 4048 τῆς
1039 3995 1136 4038 τῶν
1173 3988 1285 4039 θεῶν
1321 3987 1407 4039 ὑπ’
1445 3987 1701 4050 ἀνθρώπων
1738 3990 2047 4051 παραγωγῆς
2081 3988 2168 4035 τὸν
2201 3986 2420 4047 ’Όμηρον
2456 3983 2810 4046 μαρτύρονται,

535 4074 614 4124 ὅτι
649 4075 735 4124 καὶ
769 4073 950 4135 ἰκτῖνος
985 4072 1095 4127 αἵτε

1082 4189 1252 4239 λιστοῖ
1285 4188 1340 4240 δέ
1373 4190 1675 4256 [στρεπτοί]
1709 4206 1769 4238 τε
1804 4187 1891 4239 καὶ
1923 4187 2020 4239 θεοῖ
2054 4186 2218 4245 αὐτοί,

883 4270 1120 4330 καὶτοὺς
1157 4271 1248 4333 μὶν
1284 4270 1580 4321 θυσίαισι
1616 4271 1727 4321 καὶ
1759 4269 2093 4334 εὐχωλαῖς
2125 4268 2482 4331 ἀγαναῖσιν

888 4355 1032 4416 λοιβῇ
1066 4370 1126 4403 τε
1163 4353 1303 4417 κνίσῃ
1339 4370 1399 4404 τε
1432 4354 1795 4416 παρατρατῶσ’
1830 4352 2064 4414 ἅνθρωποι

887 4438 1190 4497 λισσόμενοι,
1223 4435 1309 4486 ὅτε
1343 4435 1426 4486 κέν
1461 4454 1543 4495 τις
1578 4435 1796 4500 ὑπερβήῃ
1833 4434 1918 4485 καὶ
1950 4433 2167 4498 ἁμάρτῃ.

627 4568 897 4631 Leguntur
930 4569 1089 4617 verba
1127 4567 1279 4618 Iliad.
1317 4569 1413 4634 IX,
1449 4580 1553 4631 493
1592 4583 1711 4633 sqq.

630 4652 687 4720 2)
725 4654 859 4703 Vide
890 4670 1060 4719 supra.
1094 4654 1364 4720 Orpheum
1395 4656 1619 4720 spectari
1652 4655 1772 4704 ideo
1805 4654 1907 4704 iam
1940 4654 2048 4703 veri
2074 4651 2325 4702 dissimile
2345 4658 2440 4717 est,
2463 4650 2607 4715 quod
2625 4657 2811 4715 postea

537 4738 582 4788 is
619 4740 899 4805 significari
935 4740 1167 4790 videtur:
1209 4741 1312 4804 366
1333 4743 1391 4791 B.
1432 4742 1512 4792 Cf.
1551 4757 1724 4808 supra,
1762 4755 1916 4806 pagg.
1964 4751 2060 4805 175
2082 4756 2201 4804 sqq.

2519 4851 2579 4904 ¹3
