3717 5575
973 678 1023 763 64

431 871 585 962 EuenuS,
622 898 702 945 cum
724 871 813 944 mori
834 869 929 961 nolit,
954 871 988 944 id
1011 872 1107 969 quod
1131 876 1161 951 oi
1184 877 1227 965 ὡς
1249 873 1380 966 σι’ληθῶς
1402 874 1564 978 φιλόσοφοι

431 997 496 1091 (64
510 995 551 1092 Β)
562 991 586 1091 ¹)
614 1020 660 1068 ex
687 994 804 1068 arrimo
831 990 1021 1091 cupiant,')
1049 994 1217 1093 quodque
1240 1021 1305 1069 eos
1327 1021 1458 1093 cupere
1480 994 1564 1069 mul·

429 1117 541 1191 titudo
573 1117 680 1191 etiam
707 1116 839 1207 credat,
868 1114 948 1190 iicet
973 1117 1064 1191 hanc
1089 1144 1175 1191 vera
1202 1117 1301 1192 huius
1327 1118 1430 1193 studii
1457 1143 1565 1193 causa

431 1255 468 1312 et
493 1239 583 1313 ratio
609 1235 766 1335 lateat.³)
1372 1243 1376 1276 ¹

485 1361 603 1436 Causa
630 1388 716 1436 vero
743 1364 833 1438 haec
859 1364 892 1438 in
918 1389 965 1437 eo
991 1362 1107 1460 posita
1132 1377 1198 1453 est,
1227 1362 1325 1460 quod
1346 1389 1433 1437 vere
1454 1362 1562 1461 philo

429 1485 531 1582 sophi
558 1481 637 1557 nihil
663 1486 837 1577 studeant,
866 1487 928 1559 nisi
950 1486 1131 1585 acquirere
1153 1485 1318 1591 φρόνησιν,
1340 1486 1489 1592 φρόνησις
1503 1512 1562 1560 au-

431 1623 505 1681 tem
531 1606 621 1680 haec
643 1607 676 1680 in
700 1625 814 1682 morte
836 1606 913 1682 sola
935 1608 1067 1682 affatim
1090 1608 1298 1705 acquiratur.
1311 1607 1337 1705 ⁴)
1362 1608 1467 1702 Quae
1491 1610 1561 1713 ρρό·

432 1762 522 1823 νησις
535 1722 696 1829 'denique
718 1731 795 1828 ipsa
817 1757 898 1806 esse
921 1732 1041 1805 dicitur
1058 1732 1241 1835 καθαρμός.
1253 1730 1279 1829 ⁵)
1293 1731 1421 1806 Talem
1435 1738 1563 1835 καθαρ-

479 1991 505 2057 1)
523 1991 564 2041 el.
589 1990 619 2041 61
634 1990 670 2040 C:
694 1991 743 2045 τᾶς
766 1986 815 2048 θτῳ
839 1986 912 2052 dilue
930 1984 1024 2036 τούτου
1041 1990 1087 2037 τοθ
1104 1987 1256 2051 τριθγριατοι
1274 1990 1320 2057 [sc.
1339 1994 1386 2047 τῆς
1404 1989 1567 2056 Φιλοσοφίας]

430 2073 559 2136 μέσσατον.

476 2158 505 2225 2)
521 2158 540 2208 l.
551 2160 582 2209 l.:
601 2153 670 2205 οθδθν
688 2154 753 2205 liano
770 2153 848 2205 αθτοθ
862 2159 908 2226 [sc.
926 2156 980 2207 θσοι
997 2154 1567 2223 τνγχιθνονσινθρθθςάττθμονοιφιλοσοφίας]

431 2239 619 2300 θπισηδοθονσιν
637 2242 652 2300 ii
668 2241 827 2307 ἀποθνῄσκειν
844 2260 874 2294 τι
891 2247 935 2294 καὶ
951 2243 1070 2295 τεθνάναι.

476 2329 505 2395 3)
523 2328 603 2391 64B:
623 2323 724 2383 hinnitu
741 2327 790 2389 γὰρ
807 2325 910 2387 αιίτοθς,
928 2324 942 2392 ᾖ
959 2344 989 2377 το
1006 2326 1130 2377 θανατθσι
1147 2326 1190 2377 καὶ
1207 2322 1221 2390 ἦ
1239 2325 1308 2393 &feel
1322 2325 1384 2377 οθσιν
1402 2326 1518 2379 θανάτοιν.

475 2415 504 2482 4)
523 2415 557 2465 68
570 2418 607 2465 A:
633 2410 691 2474 θὶραν
715 2410 743 2462 tl
763 2413 900 2476 φρονήσεως
910 2453 982 2467 .....
999 2415 1136 2478 φρονήσεως
1153 2412 1180 2463 ll
1198 2412 1246 2475 θθρα
1263 2432 1304 2473 τις
1320 2421 1357 2478 τῷ
1374 2413 1427 2463 ’θντι
1445 2413 1511 2475 ἱρῶν,
1526 2413 1569 2463 καὶ

430 2501 515 2562 λαβὸν
538 2498 633 2562 σφόδρα
655 2500 702 2557 τὴν
725 2498 806 2557 αὑτὴν
828 2500 923 2559 ταύτην
948 2501 1046 2563 morlia,
1070 2499 1186 2567 μηδαμοθ
1208 2499 1296 2550 ἄλλοθι
1322 2498 1478 2568 ἰντοθξοσθαι
1500 2499 1567 2565 ariri

430 2581 505 2646 ἀξίοις
528 2584 606 2644 λθγον
631 2581 646 2640 ii
668 2578 693 2631 iv
718 2579 815 2643 Ἃιδου,
838 2583 1012 2647 ἀγανακτήσει
1035 2601 1066 2633 τι
1089 2581 1245 2647 ἀποθνήσκαν
1263 2582 1306 2632 καὶ
1322 2581 1366 2632 οθκ
1383 2581 1490 2644 θθσμσνορ
1507 2579 1569 2633 οἶσιν

429 2660 537 2719 arithm

476 2748 517 2799 Cf.
542 2755 675 2815 praeterea
693 2747 727 2798 66
738 2748 775 2799 E:
794 2743 859 2796 δνοῗν
876 2744 984 2810 θάτερον,
1001 2745 1016 2805 t
1032 2744 1142 2809 οθθαμοθ
1159 2744 1232 2796 ’ἐστιν
1248 2744 1390 2805 κτήσασθαι
1405 2748 1436 2797 τὸ
1448 2745 1568 2805 οὶδίναιθὶ

430 2830 623 2890 τελευτήσασιν.
642 2836 842 2886 Animadvertas
855 2846 951 2903 autem,
964 2837 1071 2887 huiusce
1087 2837 1242 2888 dilemmatis
1259 2837 1371 2903 priorem
1388 2846 1567 2904 partemnns·

432 2939 509 2989 quam
528 2921 628 2972 scilicet
646 2923 747 2987 acquiri
762 2938 839 2988 posse
855 2924 1000 2989 scientiam,
1014 2923 1122 2974 omnino
1138 2924 1567 2989 negleglapmmmzscienriam

431 3026 516 3060 rerum
534 3024 599 3073 esse,
619 3009 694 3073 ponit
712 3024 762 3058 nec
782 3016 869 3058 tamen
888 3010 1056 3060 demonstrat.

478 3095 506 3162 5)
525 3096 644 3160 69B2..
670 3092 713 3141 καὶ
734 3091 748 3147 ἦ
772 3092 916 3155 σαφροσθνη
938 3093 979 3143 καθ
1003 3092 1018 3149 η
1041 3091 1181 3150 δικαιοσύνη
1204 3095 1247 3142 καὶ
1268 3092 1366 3156 ἀνδρεία
1388 3094 1431 3144 καὶ
1452 3093 1534 3152 uiri
1553 3093 1568 3149 ti

430 3184 583 3245 φρόνησις
598 3178 639 3241 μη
658 3178 820 3241 καθαρμός
838 3197 889 3238 τις
906 3176 927 3243 ᾖ.
947 3184 988 3233 cl.
1007 3185 1071 3249 Amr,
1091 3185 1217 3233 Annotat.
1235 3183 1265 3231 in
1280 3183 1566 3249 Phaedr.243A(Pla·

433 3273 503 3322 tonis
521 3285 588 3336 quae
607 3276 710 3319 exstant
729 3269 826 3335 Opera.
845 3271 919 3319 Tom.
939 3270 973 3335 X,
991 3272 1116 3320 Annotat.
1133 3277 1199 3335 part.
1216 3270 1292 3335 prim.
1306 3271 1405 3320 contin.
1421 3286 1482 3336 pag.
1492 3270 1565 3336 355):

433 3359 527 3426 „Hanc
550 3364 638 3406 antem
661 3371 752 3405 vocem
779 3350 924 3421 [καθαρμός]
943 3363 969 3405 et
986 3356 1084 3405 similes
1102 3355 1143 3422 (ut
1161 3352 1286 3415 κάθαρσις,
1303 3353 1412 3414 καθαρός,
1428 3351 1567 3416 καθαριθιιν

432 3444 479 3511 al.)
502 3444 575 3494 Plato
600 3442 778 3492 accommodat
802 3442 835 3492 ad
860 3442 887 3492 id
912 3442 984 3507 qnod
1002 3450 1115 3492 mentem
1134 3450 1247 3493 nostram
1266 3444 1354 3508 expiat
1372 3460 1392 3493 s.
1411 3450 1514 3509 purgat,
1532 3443 1565 3493 ad

433 3531 535 3581 virtutis
553 3529 693 3595 praecipue
712 3536 738 3578 et
757 3528 873 3579 veritatis
891 3530 1020 3595 studinm3
1040 3529 1162 3595 quocirca
1181 3530 1239 3594 ipsa
1258 3529 1427 3594 philosophia
1444 3525 1568 3589 καθαρμός

433 3627 459 3669 et
477 3613 592 3675 κάθαρσις
610 3614 714 3680 dicitur,
732 3622 761 3664 ut
779 3614 911 3665 Phaedon.
932 3616 997 3677 67C
1025 3614 1060 3679 69
1071 3615 1106 3665 C:
1118 3651 1124 3664 .
1137 3651 1161 3664 ..
1181 3615 1222 3664 Cf.
1242 3616 1353 3664 Pnomrt.
1372 3615 1489 3666 Ennead.
1509 3617 1531 3681 1,
1548 3614 1565 3665 6

433 3723 460 3772 p.
481 3715 513 3770 55
541 3705 573 3753 Α.
593 3702 698 3751 Etenim
724 3697 738 3755 i
762 3696 877 3761 κάθαρσις
899 3699 941 3748 καὶ
958 3699 984 3748 οθ
996 3698 1123 3760 καθαρμοθ,
1140 3709 1168 3751 at
1187 3700 1284 3765 Cratyl.
1303 3711 1354 3766 405
1367 3703 1398 3750 A.
1418 3702 1566 3768 exponitur,

431 3790 458 3840 ’θν
474 3808 502 3838 τι
519 3816 553 3827 -
570 3785 664 3836 δύναιτ’
683 3785 721 3844 ltu,
738 3786 840 3848 καθαρὸν
857 3785 977 3849 ταρθχιιν
994 3786 1037 3835 τὸν
1052 3785 1171 3848 ἔθνθριοπον
1185 3784 1227 3835 καὶ
1240 3786 1352 3835 mirri
1367 3785 1567 3848 οθμακαῖκατα

431 3871 476 3929 τὴν
499 3868 594 3933 ψυχήν.
618 3873 731 3936 Atque
755 3871 817 3922 hoc
837 3872 927 3920 altiore
946 3886 966 3921 s.
987 3870 1200 3936 philosopho
1220 3886 1324 3920 sensu
1341 3871 1404 3920 iarn
1423 3870 1565 3935 Orphici

434 3960 594 4012 videntur
612 3973 716 4008 voces
735 3953 1566 4023 κιθθαρσιι,καθαρριθι,ιι1ίαενεαῐροεεσ,νίθ.Αιιετοτ.

358 4080 359 4085 ,
433 4046 510 4097 Pom.
531 4043 668 4110 v111,7.‘’

479 4132 520 4182 Ex
538 4132 579 4181 his
597 4132 649 4180 iam
666 4129 822 4194 perspicitur
836 4152 872 4166 -
887 4128 916 4178 id
924 4129 997 4194 qnod
1007 4130 1033 4179 in
1045 4129 1170 4195 proximis
1177 4129 1322 4178 accuratius
1332 4127 1514 4179 demonstrabo
1523 4158 1567 4197 -,

434 4235 516 4269 errare
536 4219 730 4279 Hannnrlrwln
748 4228 806 4263 cum
824 4214 893 4263 hanc
912 4231 980 4280 quae
998 4217 1066 4266 inter
1083 4216 1219 4266 Platonem
1233 4222 1259 4264 et
1276 4215 1406 4280 Orphicos
1422 4223 1492 4265 extat
1507 4233 1566 4267 con·

433 4305 588 4370 gruentiam‚
615 4302 648 4352 ad
673 4307 804 4350 externam
827 4300 898 4351 illius
922 4301 1056 4353 doctrinae
1074 4303 1182 4353 formam
1200 4309 1299 4351 tantum
1318 4310 1344 4351 et
1362 4303 1424 4352 artis
1443 4304 1568 4354 vocabula

434 4392 562 4458 quaedam
581 4388 711 4455 pertinere
730 4394 833 4437 censeat
852 4404 877 4438 o.
887 4389 905 4437 l.
921 4405 982 4455 pag.
998 4403 1064 4440 σοον
1082 4390 1152 4454 „und
1168 4404 1245 4438 wenn
1255 4404 1282 4437 er
1292 4388 1347 4437 sich
1356 4390 1422 4439 auch
1432 4390 1566 4440 bisweilen

433 4479 461 4527 in
481 4476 630 4540 Beziehung
648 4473 694 4524 auf
710 4474 782 4523 scine
801 4473 972 4540 Philosophie
991 4476 1093 4526 solcher
1112 4472 1265 4525 Ausdriicke
1281 4474 1335 4524 und
1351 4475 1567 4525 Gleichnissebe·

433 4564 516 4629 dieat,
538 4563 580 4613 die
606 4577 651 4611 aas
674 4559 722 4609 der
746 4560 860 4625 Sprache
880 4561 926 4611 der
945 4562 1090 4627 Mysterien
1109 4571 1277 4612 entnommen
1295 4560 1364 4626 sind,
1384 4577 1413 4611 so
1431 4560 1492 4610 darl
1507 4577 1566 4611 man

434 4650 525 4700 durans
550 4665 579 4699 so
603 4647 688 4710 wenig
713 4645 760 4695 aus
776 4646 836 4696 eine
855 4647 990 4713 Billigung
1008 4649 1080 4715 oder,
1098 4649 1147 4697 wie
1166 4663 1194 4697 es
1212 4647 1240 4696 in
1258 4646 1323 4699 alter
1340 4647 1395 4696 und
1413 4662 1493 4696 neuer
1510 4648 1567 4697 Zeit

435 4738 514 4788 litters
539 4735 685 4801 geschehen
709 4733 752 4799 ist,
769 4733 816 4783 aas
831 4734 891 4784 eine
911 4736 1055 4802 Ableitung
1074 4736 1160 4786 seiner
1178 4733 1280 4784 Lehren
1299 4749 1345 4783 aus
1361 4733 1441 4797 jenen
1459 4733 1565 4785 schlies·
