3717 5575
1000 642 1043 690 12

454 814 508 888 ad
536 816 789 889 universam
813 817 1142 914 quaestionem,
1167 817 1220 890 ΠΙ.
1244 841 1329 914 quo
1352 815 1481 888 modo
1503 815 1590 888 sint

454 936 758 1012 discutiendae
779 940 861 1013 hae
884 937 1195 1027 difficultates,
1224 963 1422 1035 quaeque
1443 938 1483 1010 in
1505 936 1587 1010 uni·

453 1085 583 1134 versa
619 1061 927 1159 disquisitione
962 1061 1186 1159 sequenda
1211 1060 1267 1134 sit
1288 1061 1359 1135 via
1385 1086 1434 1134 ac
1460 1059 1584 1134 rati0.

509 1328 542 1378 2.
572 1305 596 1378 l.
627 1304 808 1398 Quibus
835 1306 1011 1380 sinibus
1036 1306 1332 1380 terminanda
1354 1306 1415 1379 sit
1436 1305 1586 1401 dispu-

451 1428 576 1502 tatio
612 1453 829 1526 quaeque
856 1431 1113 1504 contineat.
1144 1429 1344 1526 Scriptionis
1370 1429 1469 1503 huius
1495 1429 1588 1503 initio

451 1566 564 1624 totam
592 1550 638 1623 de
661 1551 896 1625 examinanda
918 1552 1066 1641 ratione,
1091 1577 1184 1649 quae
1207 1577 1287 1624 cum
1301 1551 1589 1625 antecedentibus

450 1671 666 1769 philosophis
701 1673 933 1747 intercederet
968 1673 1115 1763 Platoni,
1152 1674 1394 1771 quaestionem
1431 1676 1520 1746 duas
1554 1672 1587 1746 in

449 1811 570 1892 partes
597 1795 821 1869 dividendam
849 1820 930 1869 esse
958 1795 1038 1884 dixi,
1067 1821 1216 1893 quarum
1239 1795 1350 1869 altera
1370 1811 1465 1869 esset
1484 1795 1586 1884 haec,

449 1933 499 2006 ut,
536 1943 559 1991 a
595 1917 882 2013 prae-Socraticis
918 1917 1134 2015 philosophis
1170 1917 1404 2014 proficiscens,
1440 1919 1473 1990 in
1509 1944 1584 2008 eos,

451 2039 534 2135 quid
561 2039 609 2113 ad
636 2039 790 2114 Platonis
816 2038 1077 2138 philosophiam
1104 2041 1359 2138 pertinuissent,
1386 2041 1585 2138 inquireres,

450 2160 561 2235 altera
596 2178 634 2234 ut
668 2187 691 2236 a
727 2160 880 2236 Platonis
917 2163 1083 2259 operibus
1111 2163 1256 2237 exordio
1284 2180 1402 2260 capt0,
1430 2162 1513 2260 quid
1538 2161 1585 2235 de

448 2284 682 2381 superioribus
695 2285 861 2358 iudicaret
874 2284 942 2374 ille,
956 2285 1156 2385 indagares.
1173 2286 1205 2358 E
1219 2286 1344 2382 quibus
1352 2284 1585 2382 posteriorem

448 2421 711 2501 persecuturum
737 2432 796 2480 me
824 2432 904 2480 esse
930 2406 1131 2506 sigmficavi.

501 2526 604 2601 Duas
640 2553 726 2601 vero
762 2528 828 2601 has
864 2529 1088 2626 quaestiones
1115 2528 1222 2625 plane
1249 2529 1405 2602 diversas
1432 2554 1512 2603 esse
1540 2554 1586 2602 ex

448 2649 517 2723 hoc
553 2674 695 2747 quoque
731 2667 894 2747 apparet,
932 2651 1028 2748 quod
1056 2650 1155 2724 facile
1182 2649 1255 2723 fieri
1281 2668 1412 2747 potest,
1440 2668 1479 2724 ut
1505 2677 1584 2724 cum

449 2769 740 2870 philosophorum
767 2770 825 2847 vel
851 2771 1212 2870 philosophematum,
1236 2773 1270 2846 in
1293 2774 1419 2872 quibus
1440 2775 1487 2847 ad
1510 2772 1586 2848 Pla·

447 2896 537 2969 tonis
563 2895 833 2993 philosophandi
859 2896 1031 2970 rationem
1059 2897 1214 2970 maxima
1240 2896 1363 2970 luerint
1390 2912 1583 2987 momenta,

448 3018 662 3092 mentionem
688 3017 819 3091 nullam
846 3018 874 3090 is
901 3017 1016 3108 saciat,
1045 3035 1121 3092 tum
1147 3016 1205 3091 vel
1231 3020 1371 3093 strictim
1394 3019 1453 3092 vel
1475 3017 1584 3092 multa

320 3130 323 3135 ’
448 3139 541 3214 dicat
563 3140 610 3213 de
622 3140 672 3231 iis,
688 3141 745 3238 qui
758 3140 792 3213 in
806 3140 880 3213 eius
893 3140 1086 3213 doctrinam
1101 3141 1242 3215 omnino
1256 3140 1335 3214 nihil
1348 3141 1580 3238 pertinuerint.

500 3262 636 3352 Altera,
673 3289 766 3361 quae
793 3263 840 3336 de
867 3264 1047 3335 Pnnrours
1073 3262 1318 3360 philosophiae
1344 3264 1467 3363 genesi
1494 3264 1580 3363 agit,

447 3385 680 3482 disputatione
712 3385 843 3460 multae
870 3385 961 3459 aliae
988 3386 1211 3482 quaestiones
1237 3388 1464 3476 continentur,
1493 3413 1582 3484 quas

447 3507 474 3580 si
488 3533 613 3581 omnes
626 3508 786 3582 dirimere
800 3509 933 3606 cupias,
948 3508 1053 3581 totius
1065 3509 1160 3582 vitae
1170 3509 1388 3604 spatiumvix
1397 3527 1580 3606 suppetet,

447 3655 610 3727 quasque
636 3647 787 3704 tractare
813 3655 879 3704 nec
905 3630 1060 3704 iuvenilis
1086 3631 1250 3704 scientiae
1277 3657 1343 3705 nec
1364 3632 1485 3705 virium
1507 3648 1578 3706 est:

447 3752 588 3849 quinam
617 3752 770 3827 Platonis
799 3751 921 3826 fuerint
949 3753 1132 3845 doctores,
1161 3779 1182 3828 e
1211 3754 1336 3851 quibus
1364 3756 1581 3852 superiorum

447 3873 609 3947 doctrinis
641 3872 700 3947 vel
735 3899 882 3972 quarum
910 3874 1143 3948 doctrinarum
1170 3876 1408 3951 coniunctione
1436 3895 1514 3951 orta
1540 3878 1583 3952 sit

446 3994 600 4070 Platonis
626 3996 867 4093 philosophia3
896 4022 943 4070 an
970 4014 1092 4071 contra
1114 3999 1249 4095 priores
1271 4025 1398 4096 parum
1421 4002 1468 4074 ad
1491 4000 1585 4075 illam

446 4118 683 4215 pertinuerint,
706 4134 743 4191 et
762 4116 968 4214 praeclarae
990 4120 1064 4192 eius
1087 4121 1213 4194 mentis
1236 4122 1334 4218 quod
1348 4123 1395 4206 ad
1409 4150 1586 4198 summam

446 4239 535 4312 haec
563 4240 719 4314 doctrina
745 4240 788 4313 sit
814 4241 974 4337 propria,
1003 4258 1119 4314 utrum
1146 4242 1179 4315 in
1208 4242 1282 4316 aliis
1309 4246 1475 4341 operibus
1497 4244 1585 4319 alios

447 4363 639 4436 maximum
674 4378 892 4436 momentum
928 4363 1095 4438 habuisse
1129 4383 1315 4461 appareat,
1344 4392 1390 4440 an
1416 4369 1449 4441 in
1477 4369 1583 4440 omni·

445 4485 513 4558 bus
526 4485 640 4577 idem3
656 4485 806 4582 denique
819 4510 865 4559 an
879 4483 1080 4560 Platonicae
1094 4486 1339 4585 philosophiae
1353 4490 1583 4565 fundamenta

445 4607 494 4682 ab
514 4608 592 4705 ipso
612 4608 753 4706 quidem
767 4634 836 4681 non
850 4608 917 4683 sint
929 4609 1033 4699 iacta,
1049 4610 1113 4684 sed
1128 4609 1237 4686 multo
1251 4611 1351 4688 altius
1364 4612 1422 4688 vel
1434 4615 1482 4687 ab
1496 4615 1580 4690 anti·
