3717 5575
857 705 901 775 ¹9

311 869 412 945 nullo
440 873 528 947 dolo
553 874 652 948 malo
677 875 858 973 nullisque
885 878 1096 975 praestigiis
1110 879 1283 952 adhibitis
1296 905 1440 955 errores

310 991 480 1069 facillime
502 996 573 1070 hac
596 997 632 1069 in
656 1022 695 1070 re
719 998 881 1096 irrepere
904 1014 1117 1096 potuerunt,
1134 1001 1439 1099 quandoquidem

309 1114 389 1190 sola
398 1118 632 1216 inscriptione
643 1136 758 1218 atque
768 1121 886 1195 indice
897 1121 1151 1219 opusaliquod
1162 1125 1439 1199 Pnnronusesse

307 1242 616 1337 cognoscebatur,
633 1243 770 1317 indices
788 1261 914 1318 autem
930 1245 979 1335 hi,
996 1271 1078 1320 cum
1095 1247 1321 1321 extrinsecus
1335 1247 1438 1322 volu·

308 1362 465 1437 minibus
479 1363 730 1462 affigerentur,
746 1366 852 1442 facile
866 1368 1193 1443 commutabantur
1202 1369 1296 1443 inter
1305 1395 1400 1462 sese,
1411 1366 1439 1467 ¹)

329 1530 517 1542 ———

307 1640 466 1690 magnopere
484 1624 563 1675 laudo
578 1652 613 1662 -
628 1624 863 1692 Untersuchungen
874 1641 936 1691 pag.
950 1625 1009 1692 189,
1018 1641 1076 1676 cum
1086 1626 1180 1692 partim
1189 1626 1298 1676 nimium
1307 1626 1332 1676 ei
1342 1626 1437 1677 tribuat

306 1712 475 1778 auctoritatis,
499 1719 525 1762 et
547 1712 628 1761 nimia
652 1727 685 1761 ex
707 1727 740 1761 eo
764 1712 912 1777 concludat,
937 1712 1030 1776 partim
1054 1728 1156 1763 omnem
1175 1712 1250 1763 fidem
1270 1714 1295 1763 ei
1313 1714 1437 1779 abrogare

306 1798 432 1848 videatur.
456 1798 524 1848 Nam
549 1798 582 1847 de
600 1798 687 1864 priore
705 1797 756 1847 loci
776 1806 849 1863 parte
868 1799 999 1848 scribens:
1020 1800 1091 1862 „Der
1108 1807 1175 1849 erste
1194 1799 1271 1849 Theil
1282 1836 1288 1849 .
1299 1833 1325 1849 ..
1343 1799 1436 1849 beruht

304 1885 456 1935 schwerlich
481 1884 527 1935 aui
547 1884 621 1934 einer
644 1900 674 1934 so
697 1884 881 1935 umiassenden
908 1884 1201 1936 historisch-kritischen
1227 1887 1437 1952 Untersuchung‚

304 1972 353 2022 urie
370 1971 461 2022 sie...
476 1971 548 2021 hiitte
566 1969 705 2036 engestellt
723 1971 828 2021 werden
846 1975 961 2037 mdssen,
979 1988 1023 2022 um
1041 1972 1184 2024 deuselben
1203 1973 1436 2024 wissenschastlich

303 2074 334 2107 ru
352 2057 482 2124 sichern,''
506 2058 612 2108 alteram
637 2057 718 2107 nullis
742 2056 851 2122 prolatis
875 2060 1035 2124 argumentis
1059 2060 1108 2110 hoc
1132 2061 1210 2110 modo
1235 2062 1341 2125 probat:
1366 2062 1437 2124 „Der

302 2145 392 2194 zweite
415 2144 493 2194 Theil
516 2143 601 2194 dieser
626 2145 742 2208 Aussage
767 2149 845 2193 stittzt
870 2144 926 2194 sich
951 2144 1019 2194 ohne
1044 2142 1193 2213 Zweiiel(!)
1211 2145 1258 2195 sui
1273 2146 1332 2196 eine
1351 2147 1435 2197 Reihe

302 2246 353 2280 rou
381 2230 560 2295 munchen,
587 2230 630 2279 die
656 2229 755 2294 lhglich
783 2229 843 2279 dem
871 2230 987 2280 Galenus
1010 2229 1127 2280 bekannt
1151 2230 1207 2280 sein
1233 2230 1384 2280 konnten”l
1404 2232 1435 2283 ld

302 2317 383 2384 quod,
405 2317 467 2368 licet
491 2317 661 2383 posteriorem
685 2316 770 2366 thesin
794 2316 877 2367 multo
901 2316 1003 2367 facilius
1028 2318 1198 2367 demonstrari
1217 2318 1303 2382 priore
1323 2318 1434 2369 libenter

302 2403 450 2469 concedam,
474 2418 529 2453 nou
554 2404 646 2469 probo,
669 2403 741 2468 quod
763 2403 807 2453 hic
831 2403 882 2453 sibi
907 2420 961 2454 non
986 2411 1088 2454 constat
1107 2404 1272 2469 Unnunwsc,
1291 2411 1317 2454 et
1336 2405 1362 2454 in
1383 2406 1434 2455 alia

300 2490 351 2540 loci
370 2496 444 2555 parte
461 2490 515 2540 elio
533 2490 613 2539 utitur
630 2489 737 2539 iudicio.

343 2577 448 2627 Deinde
466 2592 527 2627 vero
542 2576 617 2642 plura
634 2576 698 2625 mihi
717 2576 821 2626 ridetur
833 2591 866 2626 ex
881 2577 967 2626 verbis
983 2576 1078 2626 Galeni
1094 2578 1204 2642 efficere,
1219 2593 1298 2643 quam
1308 2577 1431 2642 equidem

300 2662 386 2713 inesse
400 2662 511 2713 arbitror
525 2661 563 2729 (o.
572 2662 590 2711 1.
606 2678 667 2728 pag.
680 2661 729 2725 189
739 2663 766 2712 iu
776 2661 848 2730 fine).
858 2663 961 2728 Nempe
970 2664 1095 2728 scriptum
1104 2663 1210 2729 quidem
1219 2663 1323 2729 legitur,
1333 2664 1433 2714 frauda·

301 2756 369 2801 tores
383 2750 486 2817 aliquos
499 2749 593 2800 multos
603 2749 675 2800 falsis
684 2749 815 2800 indicibus
824 2749 977 2801 instruxisse
986 2749 1067 2800 libros
1077 2757 1103 2800 et
1112 2750 1280 2801 bibliothecis
1290 2750 1432 2818 obtulisse3

299 2837 516 2887 bibliothecarum
532 2852 593 2886 vero
608 2836 754 2902 praefectos
764 2846 859 2887 temere
870 2837 931 2887 talia
941 2838 1073 2888 subditiva
1082 2853 1162 2904 opera
1171 2854 1219 2904 pro
1229 2838 1350 2902 genuinis
1360 2854 1432 2889 acce·

301 2924 370 2989 pisse
386 2932 412 2973 et
426 2924 495 2974 inter
509 2923 726 2973 bibliothecarum
740 2923 822 2973 libros
838 2925 967 2989 recepisse
984 2931 1009 2974 et
1023 2925 1050 2973 in
1061 2924 1160 2974 indices
1170 2925 1310 2990 rettulisse,
1318 2926 1368 2975 hoc
1379 2941 1433 2975 non

299 3009 403 3077 legitur,
418 3026 574 3076 quamquam
589 3011 727 3060 verborum
742 3017 891 3060 contextum
901 3018 929 3060 ut
940 3010 990 3060 tale
1001 3010 1064 3075 quid
1074 3011 1241 3076 intellegatur
1251 3012 1360 3062 suadere
1370 3028 1432 3062 con·

301 3099 375 3147 cedo.
390 3098 454 3148 Utut
469 3104 518 3163 est,
533 3112 586 3146 non
599 3097 709 3147 nimium
719 3096 882 3146 tribuendum
892 3112 948 3147 esse
958 3106 1033 3163 puto,
1042 3098 1064 3146 si
1075 3114 1142 3163 quae
1151 3098 1278 3148 eiusmodi
1289 3099 1432 3148 traduntur.

346 3184 447 3247 Quodsi
470 3184 530 3250 quis
553 3184 704 3249 contendat,
727 3198 786 3233 cum
810 3199 876 3248 opus
900 3183 1009 3248 aliquod
1033 3183 1060 3233 in
1089 3183 1274 3234 bibliothecam
1299 3192 1432 3249 receptum

300 3272 344 3337 sit,
366 3270 395 3321 id
418 3271 451 3321 ad
475 3270 531 3321 eius
553 3269 681 3321 miserias
698 3269 766 3319 nihil
785 3270 890 3336 proprie
910 3270 1050 3336 pertinere,
1068 3270 1177 3319 nimium
1196 3271 1310 3335 probans
1325 3271 1347 3320 is
1362 3271 1429 3320 nihil

301 3358 410 3424 probare
428 3358 492 3407 mihi
507 3356 618 3407 videtur.

344 3445 419 3495 Talia
436 3445 483 3511 qui
501 3444 580 3510 dicat,
597 3445 694 3494 nitatur
711 3458 817 3494 necesse
835 3451 875 3493 est
893 3459 982 3494 eorum
1001 3444 1158 3510 coniectura,
1176 3444 1222 3509 qui
1239 3444 1431 3495 Alexandrinos

299 3531 425 3598 imprimis
442 3532 513 3582 viros
530 3531 630 3594 doctos,
648 3546 715 3596 quos
733 3530 833 3595 alioqui
850 3531 879 3580 in
896 3530 997 3580 caelum
1015 3531 1124 3580 efferunt
1142 3530 1272 3597 laudibus,
1290 3532 1318 3580 in
1335 3530 1383 3580 hac
1400 3546 1427 3581 re

306 3619 394 3669 asinos
409 3617 487 3668 fuisse
503 3625 605 3683 putant.
616 3617 689 3680 Quae
699 3617 848 3667 coniectura
856 3617 1008 3683 longissime
1018 3618 1092 3667 abest
1100 3634 1115 3667 u
1124 3633 1194 3667 vero.
1204 3617 1245 3668 Cf.
1253 3617 1277 3682 J.
1288 3618 1431 3683 worma,

302 3706 486 3772 overlevering
510 3722 541 3755 en
567 3705 685 3755 Kritr'ek.
714 3705 876 3756 Amsterdam
907 3704 990 3771 1886,
1021 3705 1068 3771 qui
1096 3704 1190 3755 Galeni
1219 3706 1296 3754 verba
1322 3704 1432 3754 laudans

300 3790 372 3859 (pag.
388 3792 444 3859 26),
458 3792 548 3858 paucis
563 3792 680 3842 versibus
696 3798 756 3858 post
770 3792 835 3842 haec
846 3792 932 3842 addit:
951 3792 1041 3855 „Toch
1051 3793 1101 3857 zijn
1110 3792 1163 3841 ook
1172 3793 1234 3842 dese
1245 3807 1278 3841 en
1288 3791 1429 3856 dergelijke

299 3879 420 3945 gerallen
438 3895 489 3929 van
508 3878 641 3943 werkelijk
659 3879 759 3942 bedrog
777 3879 832 3928 niet
850 3879 878 3928 in
896 3885 963 3929 staat
981 3879 1026 3928 het
1041 3878 1161 3928 ksrakter
1174 3895 1225 3928 van
1241 3879 1430 3928 betrouwbaar·

299 3966 361 4016 heid
384 3982 432 4016 aau
457 3965 490 4016 de
508 3965 690 4030 orerlevering
712 3972 737 4015 te
757 3972 908 4030 ontnemen,
925 3972 996 4015 want
1015 3965 1042 4014 iu
1061 3965 1093 4015 de
1112 3973 1193 4015 eerste
1213 3965 1297 4030 plaats
1315 3981 1367 4015 was
1385 3964 1430 4014 het

299 4054 399 4119 bedrog
422 4052 581 4118 gewoonlijk
606 4059 632 4102 te
656 4052 747 4118 plomp
772 4067 815 4101 om
839 4052 916 4102 stand
936 4059 961 4101 te
983 4052 1091 4101 konnen
1109 4052 1228 4119 houdeu3
1248 4060 1292 4102 ten
1310 4051 1429 4101 tweeden

300 4155 386 4190 waren
404 4139 438 4189 de
456 4139 542 4189 ouden
560 4138 614 4189 zeli
629 4139 684 4188 niet
701 4153 749 4188 zoo
764 4137 902 4203 onnoozel,
917 4138 961 4188 dut
979 4137 1010 4203 zij
1025 4138 1081 4188 rich
1096 4154 1143 4188 noo
1159 4137 1334 4202 gemakkelijk
1349 4138 1430 4189 lieten

299 4226 451 4293 misleiden3
478 4226 510 4276 de
537 4226 717 4291 overlevering
743 4225 797 4275 zeli
815 4226 929 4291 getuigt‚
954 4225 999 4275 dat
1022 4225 1054 4289 zij
1080 4225 1222 4290 dergelijlre
1242 4225 1431 4290 bedriegerijen

299 4312 452 4364 herkenden
475 4328 508 4363 en
533 4312 561 4361 in
580 4310 599 4362 't
614 4312 679 4362 licht
702 4311 814 4377 stelden,
838 4327 871 4361 en
895 4311 1050 4361 buiteudien
1069 4328 1155 4362 waren
1173 4312 1203 4376 zij
1223 4313 1251 4361 in
1270 4312 1302 4361 de
1322 4311 1430 4376 profane

300 4399 446 4450 litteratuur
469 4398 643 4463 betrekkelijk
666 4414 713 4448 roo
738 4398 875 4463 zeldzuam,
899 4399 953 4463 dat,
977 4398 1030 4448 ook
1053 4414 1120 4449 waar
1142 4399 1196 4449 huu
1221 4398 1319 4462 bedrog
1340 4397 1431 4463 gelukt

300 4502 377 4551 ware,
393 4486 454 4536 toch
472 4486 534 4536 deze
552 4483 645 4535 enkele
663 4485 783 4550 gerallen
802 4484 846 4534 het
865 4485 985 4534 kumkter
1003 4485 1049 4534 der
1066 4485 1212 4535 litteratuur
1230 4485 1257 4535 in
1269 4484 1431 4549 'talgemeen

300 4572 356 4623 niet
373 4572 480 4623 konden
496 4570 602 4622 deren.”
618 4571 659 4622 Cf.
676 4571 816 4637 Gomnz,
833 4571 1002 4621 Griechische
1018 4572 1133 4636 Denker,
1144 4572 1170 4621 11
1180 4587 1206 4636 p.
1218 4571 1267 4635 563
1278 4570 1338 4622 adn.
1349 4577 1430 4636 postr.

346 4658 373 4725 ι)
392 4659 433 4709 Cf.
452 4659 596 4724 wome,
614 4659 668 4709 ml.
688 4674 747 4724 pag.
767 4668 814 4722 25:
839 4658 959 4721 „Anders
979 4658 1025 4725 [sc.
1039 4665 1119 4723 atque
1135 4658 1162 4707 in
1176 4658 1253 4707 variis
1262 4658 1430 4725 lectionibus]

299 4754 365 4797 stant
383 4745 429 4796 het
447 4745 536 4796 echter
549 4753 602 4795 met
619 4745 654 4795 de
669 4745 925 4812 pseudepigmphen,
941 4746 974 4795 de
989 4745 1147 4810 geschriiten
1163 4753 1215 4795 met
1231 4744 1335 4794 valsche
1351 4745 1430 4795 titels.
