3717 5575
1004 681 1050 752 82

516 878 557 951 Εἰ
582 872 616 951 δ’
645 870 700 979 o'iy'
727 872 807 978 ἐγὼν
835 876 923 980 ἐρέω,
950 875 1084 979 κόμισαι
1113 875 1149 955 δὲ
1177 873 1217 957 σὺ
1246 882 1384 980 μῦθον
1412 872 1575 981 οἰκούσας,

515 1005 608 1101 αἵπερ
634 1000 704 1090 ὁδοὶ
730 1006 848 1101 μοῦναι
877 998 1023 1094 διζήσιός
1050 1003 1106 1077 εἰσι
1133 1013 1268 1085 νοῆσαι·
1284 995 1312 1098 1)

462 1162 671 1262 iterumque
684 1194 691 1238 :

857 1312 977 1406 μοῦνος
1005 1302 1038 1381 δ’
1068 1301 1110 1382 ἔτι
1137 1310 1275 1409 μῦθος
1308 1307 1397 1383 ὁδοῖο

648 1429 800 1527 λείπεται,
827 1429 869 1517 ὡς
897 1422 1035 1522 ἐ·’στιν,’)

461 1616 590 1665 verum
627 1591 741 1665 etiam
778 1592 934 1667 formam
970 1593 1170 1691 mythicam
1198 1594 1235 1667 in
1262 1596 1485 1693 exponenda
1513 1595 1589 1693 phi·

460 1712 631 1810 losophia
659 1715 807 1811 saepius
834 1715 1008 1810 adhibet3
1032 1740 1102 1790 nec
1126 1717 1370 1791 Hunnemus
1392 1717 1588 1809 recusavit,

461 1836 548 1932 quin
586 1838 755 1934 mythicis
791 1838 1001 1913 nominibus
1036 1839 1223 1913 doctrinas
1259 1841 1443 1914 interdum
1475 1839 1589 1914 invol-

460 1955 618 2056 veret.³)
648 1959 774 2057 Ipsum
797 1986 888 2035 vero
912 1962 1122 2036 Pnnrouuu
1146 1962 1295 2037 minime
1319 1963 1468 2060 mythos
1491 1989 1589 2062 spre-

460 2080 598 2179 visse,⁴)
613 2083 727 2157 immo
741 2083 965 2181 saepissime
973 2085 1184 2183 mythorum
1198 2085 1250 2158 uti
1265 2083 1455 2159 involucro
1465 2111 1588 2184 neque

460 2203 530 2277 hos
562 2230 693 2279 omnes
729 2206 848 2303 ipsum
880 2206 1039 2298 finxisse,
1068 2223 1107 2281 et
1134 2208 1364 2281 notissimum
1393 2224 1449 2282 est
1476 2223 1514 2282 et
1540 2234 1588 2282 ex

458 2326 501 2399 iis
529 2352 627 2423 quae
653 2353 766 2425 supra
794 2329 950 2402 diximus
978 2328 1084 2403 facile
1112 2328 1347 2429 intellegitur.

512 2449 693 2524 Videmus
715 2451 836 2549 igitur,
856 2451 892 2524 in
907 2452 1118 2525 universum
1133 2452 1298 2549 quiante
1313 2452 1585 2527 AnlsTorunuu

459 2569 604 2645 suerunt
646 2570 889 2670 philosophos
928 2573 978 2646 ab
1018 2574 1106 2671 ipsis
1146 2574 1281 2671 mythis
1318 2575 1469 2649 minime
1504 2601 1587 2650 esse

458 2691 612 2786 alienos
651 2693 793 2769 alienos
829 2693 950 2768 solum
987 2721 1070 2769 esse
1097 2721 1120 2770 a
1146 2698 1273 2795 pravis
1300 2697 1436 2796 mythis
1457 2723 1587 2797 prave·

459 2841 532 2912 que
558 2816 819 2914 interpretatis.

513 2938 568 3011 At
587 2939 684 3013 idem
700 2955 757 3014 est
771 2940 968 3013 dicendum
982 2940 1030 3014 de
1052 2940 1268 3040 Orphicis
1287 2943 1523 3040 maximeque
1538 2944 1586 3016 de

458 3060 590 3134 horum
609 3061 894 3160 eschatologicis
908 3063 1093 3137 doctrinis.
1111 3064 1210 3137 Inter
1223 3089 1290 3139 eos
1304 3090 1455 3161 quoque
1470 3065 1586 3139 multa

457 3182 608 3282 indigna
633 3185 875 3281 irrepserant:
896 3186 991 3260 inter
1004 3211 1071 3260 eos
1085 3212 1236 3283 quoque
1251 3184 1354 3260 multi
1369 3212 1410 3260 se
1425 3187 1586 3263 insinua·

504 3443 531 3511 1)
548 3444 642 3510 Durus,
660 3444 703 3494 Fr.
721 3444 747 3494 d.
765 3444 841 3494 Vors.
857 3460 917 3510 pag.
939 3457 997 3495 120.
1016 3445 1046 3494 fr.
1064 3459 1091 3508 4.

501 3529 530 3596 2)
548 3530 600 3580 o.l.
620 3546 679 3596 pag.
701 3544 759 3581 122.
777 3530 809 3581 fr.
828 3529 853 3581 8.

502 3615 531 3683 3)
549 3617 590 3668 Cf.
609 3617 729 3683 cumps,
748 3618 777 3667 C.
797 3633 822 3667 ιι.
842 3618 879 3667 Μ.
895 3634 955 3683 pag.
972 3629 1007 3682 34
1022 3634 1096 3685 sqq.;
1112 3620 1229 3685 stn,
1245 3620 1291 3670 Ph.
1301 3621 1326 3671 d
1337 3622 1584 3688 Gr.12⁵pag.727.

500 3705 531 3771 4)
549 3704 590 3755 Cf.
614 3703 755 3754 S'rnulmn
780 3720 805 3754 ο.
814 3703 833 3753 1.
856 3720 915 3769 pag.
941 3704 971 3754 6:
995 3705 1062 3768 „Mit
1087 3706 1264 3771 persdnlicher
1282 3708 1444 3775 Entrttstung
1461 3709 1539 3759 schilt
1557 3725 1585 3759 er

456 3790 499 3840 die
525 3790 726 3856 Gottesleugner
749 3790 831 3840 schou
856 3806 946 3856 wegeu
972 3790 1018 3841 der
1036 3792 1265 3860 Pietttslosigkeit,
1282 3795 1330 3844 mit
1349 3795 1395 3844 der
1412 3796 1450 3845 rie
1468 3796 1524 3846 sich
1542 3796 1586 3845 ab·

456 3879 567 3928 wenden
591 3894 644 3928 von
668 3877 728 3927 dem
752 3877 886 3927 innersten
911 3877 984 3926 Keru
1002 3878 1049 3927 der
1067 3878 1187 3945 Mythen,
1206 3880 1248 3930 die
1267 3881 1304 3931 sie
1322 3882 1351 3931 in
1369 3882 1439 3933 ihrer
1456 3884 1585 3935 Kindheit

455 3964 552 4014 bereits
576 3965 624 4015 mit
648 3964 695 4015 der
719 3963 897 4014 Muttermilch
921 3965 1089 4031 eingesogen,
1113 3967 1183 4032 legg.
1207 3965 1305 4031 887122
1332 3964 1360 4015 οθ
1377 3967 1514 4029 πιθόμενοι
1532 3970 1587 4028 τοῖς

454 4046 548 4109 μθθοιο,
569 4048 618 4109 οὓς,
643 4050 671 4097 θοι
694 4046 751 4097 νθιον
774 4046 867 4097 παίδων
888 4046 928 4098 'irc
953 4045 978 4097 iv
999 4047 1096 4114 γάλαξι
1118 4053 1261 4113 τροῲθμονοι
1284 4058 1379 4117 moder
1396 4072 1426 4105 τι
1443 4053 1528 4113 ἤκουον
1545 4054 1588 4105 nai

454 4128 573 4191 μοιοθροιι.
590 4133 727 4184 Naturlich
745 4133 826 4182 meint
844 4149 872 4183 er
888 4133 946 4182 hier
963 4134 1036 4183 nieht
1054 4135 1142 4185 solche
1162 4136 1280 4203 Mytheu,
1298 4139 1326 4188 in
1342 4140 1428 4190 denen
1444 4140 1525 4191 durch
1540 4158 1585 4191 au·

456 4219 751 4285 thropomorphistische
776 4219 876 4269 Szeuen
901 4220 951 4269 den
977 4220 1090 4270 Gdtteru
1115 4222 1158 4271 ein
1182 4222 1310 4273 sittlicher
1328 4225 1417 4276 Makel
1435 4227 1585 4293 angehdngt

457 4306 530 4371 wird,
553 4307 667 4356 sondern
691 4305 790 4371 solche,
813 4306 840 4355 in
865 4306 951 4355 denen
971 4306 1014 4357 die
1033 4307 1127 4357 Gdtter
1143 4307 1183 4357 als
1201 4309 1243 4359 die
1262 4311 1475 4378 weltregierende
1494 4314 1585 4364 Macht

456 4390 564 4455 geseiert
582 4390 713 4442 werden.'’

501 4479 622 4529 Ceterum
646 4478 735 4529 eadem
759 4476 906 4541 mythorum
930 4480 1076 4529 reverentia
1094 4487 1203 4545 apparet
1221 4483 1303 4549 Legg.
1322 4483 1372 4550 865
1384 4487 1423 4537 D:
1443 4480 1485 4533 θον
1502 4481 1530 4534 tt
1546 4501 1586 4542 τις

453 4560 575 4623 indispar
598 4562 661 4612 itm
684 4560 826 4624 ἀποκτείνῃ,
851 4561 910 4619 τοὺς
930 4562 975 4623 μὶν
992 4564 1130 4624 καθαρμοὺς
1147 4564 1205 4622 τοὺς
1221 4564 1315 4627 αὐτοὺς
1331 4568 1471 4631 καθαρθήτω
1488 4576 1525 4635 τῷ
1542 4574 1586 4622 τὸν

453 4641 540 4693 δοῦλον
562 4642 814 4699 hauritura-r,
834 4644 975 4692 παλαιὸν
1000 4642 1034 4693 θθ
1052 4662 1125 4695 τινα
1142 4650 1202 4693 τῶν
1219 4646 1361 4712 θρχοθιιι
1377 4651 1479 4714 μύθοιο
1497 4656 1586 4718 λιγύ.

453 4741 547 4786 μονον
564 4727 606 4788 μὴ
624 4723 832 4789 ὶτιμοιζθτιι.
