3717 5575
471 793 577 866 Nam
600 803 799 891 poetarum
817 795 1034 891 principem
1060 795 1216 870 deorum
1239 794 1371 870 laudes
1384 809 1495 869 cantu
1510 793 1601 868 cele-

471 915 599 990 brasse
626 916 784 989 sortasse
807 916 887 1015 jam
914 932 994 990 tum
1023 918 1203 992 creditum
1232 934 1300 1009 est,
1325 943 1439 1015 quum
1464 941 1600 991 nomen

471 1037 551 1135 ejus
578 1037 614 1110 in
648 1036 808 1112 Graecia
836 1037 1140 1132 inclaresceret;'’
1170 1040 1318 1114 Sirenes
1345 1054 1484 1130 autem,
1509 1064 1602 1136 quas

470 1159 630 1256 exempli
663 1185 777 1234 causa
810 1160 919 1234 affert
948 1161 1173 1253 Losscruus,
1203 1162 1366 1235 carmina
1394 1186 1529 1235 canere
1551 1161 1599 1233 ab

470 1280 551 1379 ipso
574 1282 752 1355 Pcnrouu
766 1283 946 1356 dicuntur.
971 1283 1073 1378 Quid
1087 1284 1345 1358 demonstrare
1361 1300 1515 1357 conetur
1529 1284 1599 1356 Lo·

471 1426 635 1497 cccmus,
673 1404 753 1502 ipse
789 1404 913 1479 addit:
950 1405 1047 1499 ,Sed
1074 1408 1245 1481 homines
1272 1407 1439 1481 literatos
1465 1405 1599 1504 legisse

469 1525 609 1623 aliquid
636 1526 685 1600 de
708 1527 779 1599 hoc
801 1552 942 1624 genere
964 1529 1168 1603 carminum
1192 1528 1293 1603 nullo
1308 1529 1440 1603 indicio
1454 1526 1598 1626 patet.''

472 1648 580 1723 Haec
607 1664 733 1723 autem
761 1650 863 1746 quod
892 1650 941 1723 ad
971 1650 1181 1724 Pcnroueu
1205 1651 1329 1725 —de
1353 1676 1429 1749 quo
1452 1675 1528 1724 uno
1542 1651 1600 1724 hic

469 1772 667 1845 dicendum
703 1786 761 1846 est
798 1816 850 1827 —
888 1790 989 1846 recta
1017 1774 1104 1847 mihi
1134 1774 1318 1865 videntur,
1348 1799 1417 1848 nec
1444 1775 1493 1847 ab
1520 1774 1600 1870 ipso

470 1893 641 1967 Weuceo
685 1910 886 1992 negantur:
935 1894 1020 1988 ,Ob
1059 1896 1161 1970 diese
1203 1895 1387 1971 Gedichte
1421 1896 1567 1970 schrif
1570 1912 1599 1969 t·

468 2014 557 2089 lich
595 2016 876 2114 aulgezeichnet
908 2041 1045 2107 waren,
1075 2018 1124 2091 ob
1153 2017 1284 2093 Platon
1313 2019 1366 2092 sie
1394 2017 1600 2116 gelesen

468 2140 585 2229 hatte,
615 2137 704 2213 l‘asst
732 2164 799 2212 aus
827 2139 893 2212 der
921 2139 1114 2214 einsachen
1139 2140 1379 2238 Erwahnung
1400 2141 1477 2213 sich
1501 2140 1602 2214 nicht

467 2260 747 2335 entscheiden.’'
787 2261 919 2359 ltaque
957 2261 1019 2335 vix
1055 2261 1247 2360 intellego,
1285 2262 1374 2360 quid
1410 2263 1479 2335 sibi
1511 2261 1600 2336 velit

469 2383 627 2475 chcu,
656 2384 750 2457 haec
778 2383 952 2457 adiciens,

521 2506 668 2580 Deinde
688 2531 783 2579 vero
804 2530 872 2578 nec
893 2504 976 2602 ipsa
992 2505 1152 2579 Wesem
1174 2523 1397 2604 argumenta
1412 2506 1499 2579 mihi
1513 2522 1600 2579 sunt

468 2629 675 2727 perspicua.
702 2626 848 2701 Scilicet
870 2627 918 2700 de
943 2626 1024 2700 solo
1047 2638 1170 2719 cantu,
1195 2629 1247 2702 ita
1261 2645 1302 2704 ut
1315 2630 1433 2702 verba
1448 2628 1600 2702 omnino

468 2753 602 2843 absint,
632 2775 706 2825 non
734 2750 809 2849 agi,
839 2749 876 2824 id
904 2774 1034 2824 verum
1059 2751 1208 2848 quidem
1233 2768 1312 2845 est,
1336 2752 1404 2827 sed
1424 2752 1599 2850 equidem

466 2876 610 2967 dubito,
639 2900 688 2948 an
716 2889 794 2947 tam
823 2873 971 2971 ineptus
998 2874 1045 2947 sit
1072 2874 1166 2972 quis,
1192 2875 1254 2973 qui
1278 2877 1350 2949 hoc
1374 2874 1599 2948 contendere

467 3000 615 3072 audeat.
647 2998 723 3093 Qui
751 2997 861 3088 canit,
889 3023 1040 3070 carmen
1064 3013 1174 3072 canat
1199 3023 1351 3072 necesse
1375 3014 1452 3089 est,
1477 2998 1598 3094 ipsum

466 3147 551 3196 eum
576 3147 659 3195 esse
682 3121 853 3194 carminis
876 3121 978 3217 quod
1002 3120 1101 3195 canit
1123 3137 1390 3210 auctorem,
1416 3120 1451 3193 h.
1464 3145 1497 3193 e.
1514 3144 1596 3193 can·

465 3262 585 3320 torem
614 3243 775 3318 eundem
803 3267 886 3315 esse
914 3252 1079 3338 poetam,
1109 3242 1147 3315 id
1168 3243 1318 3340 quidem
1343 3267 1496 3316 necesse
1521 3265 1595 3315 non

465 3384 535 3459 est,
574 3366 743 3441 Graecos
780 3389 871 3438 vero
908 3365 1112 3439 secundum
1149 3390 1195 3438 ea
1232 3390 1330 3463 quae
1367 3366 1415 3439 de
1454 3364 1595 3463 Orphei

465 3490 695 3588 temporibus
736 3488 926 3578 sentirent,
965 3488 1139 3561 cecinisse
1175 3513 1260 3561 eum
1299 3488 1463 3562 carmina
1500 3512 1598 3584 quae

465 3615 545 3713 ipse
573 3612 729 3703 lecisset,
759 3611 959 3684 arbitratos
986 3635 1080 3699 esse,
1110 3635 1185 3684 non
1212 3610 1318 3685 facile
1347 3610 1555 3709 negabitur.

520 3735 584 3808 Ad
613 3748 826 3808 contextum
855 3749 1009 3806 revocat
1039 3732 1203 3808 wesen:
1231 3733 1299 3807 sed
1327 3735 1405 3831 ipse
1430 3734 1488 3807 hie
1511 3756 1596 3806 con·

464 3876 587 3933 textus
615 3856 703 3930 mihi
729 3855 878 3928 videtur
900 3855 1064 3946 obstare,
1090 3857 1288 3952 quominus
1302 3881 1503 3954 sequamur
1517 3855 1595 3928 eius

464 3982 699 4057 sententiam.

518 4104 618 4178 Libri
654 4100 777 4176 octavi
814 4100 960 4197 Legum
998 4100 1100 4173 initio
1137 4099 1185 4174 de
1222 4100 1402 4199 religione
1434 4101 1596 4175 dicturus

464 4227 592 4300 Pcuco
620 4225 778 4323 primum
803 4221 851 4294 de
875 4219 1060 4295 sacrificiis
1083 4221 1289 4320 diebusque
1311 4223 1415 4298 festis
1438 4222 1593 4297 disserit.

465 4350 596 4447 Atque
633 4344 811 4421 sacrificia
849 4343 1012 4440 quidem,
1050 4344 1179 4440 inquit,
1212 4360 1333 4418 totum
1362 4369 1594 4443 perannum

463 4471 629 4571 singulos
649 4467 889 4567 magistratus
904 4490 971 4563 pro
987 4465 1146 4540 civitatis
1159 4465 1280 4541 salute
1295 4468 1417 4542 lacere
1432 4483 1594 4565 oportet,

464 4595 543 4667 dies
579 4618 669 4667 vero
706 4590 788 4664 sesti
827 4612 871 4661 ac
898 4587 1085 4663 sollennes
1113 4590 1315 4663 secundum
1343 4592 1505 4665 tribuum
1534 4615 1596 4663 nu-
