3717 5575
359 1509 644 1606 Disputationis
685 1509 933 1608 inauguralis
972 1508 1183 1582 scribendae
1214 1507 1306 1606 fine
1333 1507 1441 1606 facto

306 1657 387 1705 cum
425 1633 502 1706 iam
540 1632 581 1706 in
617 1658 655 1706 co
691 1633 753 1722 sit,
787 1639 832 1705 ut
856 1632 982 1706 studia
1009 1632 1214 1705 academica
1241 1632 1439 1721 absolvam,

308 1755 501 1851 imprimis
536 1763 591 1829 cst
619 1755 858 1829 celebrandus
884 1755 991 1828 Deus
1022 1755 1198 1850 Optimus
1224 1755 1440 1845 Maximus,

312 1877 392 1966 Qui
425 1903 538 1974 usque
571 1878 626 1951 ael
658 1876 757 1951 lcuuc
791 1877 889 1951 uitae
922 1877 1019 1951 diem
1056 1877 1157 1950 milii
1177 1878 1358 1973 pepercit,
1386 1904 1443 1950 mc

307 2000 539 2090 sustentauit,
554 2009 633 2095 pro
654 2001 796 2073 eximia
822 1999 899 2073 Sua
922 1999 1148 2098 benignitate
1169 2000 1294 2073 oinnia
1301 1998 1441 2097 fausta

310 2121 478 2220 largitus
503 2129 566 2195 est.

366 2245 447 2333 Quo
478 2244 639 2340 pi'etatis
677 2270 720 2317 oc
759 2244 960 2343 religionis
999 2269 1153 2317 munere
1179 2252 1335 2340 peracto
1371 2271 1444 2319 uon

303 2377 456 2463 possum
483 2367 577 2464 quin
605 2392 652 2440 ex
673 2366 800 2440 animi
819 2366 1000 2440 sententia
1017 2367 1174 2465 gratias
1195 2393 1307 2467 agam
1330 2394 1444 2465 quam

312 2489 501 2562 maximos
522 2489 631 2578 uobis,
656 2489 739 2562 oiri
759 2488 978 2578 clarissimi,
1002 2487 1153 2561 lcuinscc
1176 2488 1446 2564 Universitatis

302 2611 551 2710 professores,
572 2621 651 2707 pro
682 2612 925 2686 benevolentia
960 2637 1072 2708 quam
1105 2613 1279 2687 universi
1302 2624 1446 2710 semper

313 2735 354 2808 in
390 2761 447 2808 me
483 2734 713 2823 contulistis‚·
748 2760 830 2808 cum
862 2734 972 2825 uobis,
1000 2759 1161 2832 quorum
1189 2744 1226 2809 et
1251 2737 1386 2812 sobolis
1412 2746 1448 2811 ct

314 2858 505 2932 domestica
529 2858 786 2931 consuetudine
808 2883 900 2931 usus
921 2883 1017 2948 sum,
1041 2859 1207 2932 maxime
1222 2861 1300 2950 tibi,
1316 2862 1448 2935 claris·

315 2982 405 3054 sime
440 2979 637 3070 woman,
662 2981 782 3076 patri
806 2980 1012 3070 carissimo,
1041 2981 1178 3077 optimo
1196 2985 1448 3080 praeceptori,

305 3103 525 3200 promotori
557 3103 881 3192 aestumatissimo,
920 3128 982 3176 nec
1017 3128 1089 3176 non
1127 3104 1205 3194 tibi,
1241 3107 1452 3181 clarissime

316 3226 489 3316 Kmmss,
524 3225 588 3299 vir
620 3225 936 3314 excellentissime,
965 3225 1134 3325 Reginae
1166 3228 1354 3319 minister,
1382 3231 1452 3327 qui

318 3348 459 3422 litteris
490 3347 757 3421 Necrlanclicis
789 3355 825 3420 ct
856 3347 1059 3421 Hebraicis
1092 3374 1149 3422 me
1173 3350 1387 3442 instituisti,
1415 3361 1452 3426 et

316 3472 560 3570 Dogmatieac
579 3496 636 3543 me
657 3470 835 3560 initiasti,
858 3470 937 3561 tibi,
955 3471 1166 3545 charissime
1186 3473 1369 3567 Gsssssnsx,
1384 3476 1454 3573 qni

318 3593 499 3667 historiae
535 3592 799 3689 philosophiae
838 3601 874 3666 ct
913 3593 1050 3692 logicae
1088 3596 1265 3668 elementa
1305 3624 1452 3670 summa

310 3717 582 3813 perspicuitate
626 3741 683 3789 me
728 3716 895 3807 docuisti,
933 3717 1088 3814 cenum
1125 3719 1203 3807 tibi,
1241 3720 1452 3795 clarissime

321 3840 511 3929 Romanas,
544 3839 651 3912 cuius
676 3839 720 3912 ilc
750 3839 907 3912 Calvino
933 3839 1068 3913 scliolis
1093 3866 1240 3913 summa
1268 3844 1454 3939 voluptate

322 3961 492 4061 interfui
495 3999 508 4051 ,·
545 3969 624 4034 tum
666 3961 764 4035 vobis
800 3987 891 4058 quos
929 3988 977 4034 ex
1012 3962 1189 4036 cotleeclra
1223 3965 1379 4040 ili'ceutcs
1412 3974 1457 4039 ut

319 4085 493 4158 audirem
517 4109 589 4157 non
617 4083 782 4182 contigit,
807 4108 856 4156 ex
881 4110 1042 4180 qnorum
1072 4093 1194 4159 tamen
1220 4088 1390 4161 amicitia
1412 4114 1455 4161 ac

313 4206 607 4305 familiaritate,
635 4231 709 4303 qua
736 4204 900 4279 alterius
925 4207 1048 4279 altero
1073 4207 1220 4282 diutius
1247 4237 1338 4285 usus
1357 4236 1453 4301 sum,

321 4329 541 4403 laetissimos
555 4326 717 4426 fructus
743 4327 829 4422 cepi.
869 4326 1066 4401 Universi's
1095 4330 1193 4404 uobis
1217 4332 1453 4430 singularem

314 4451 490 4551 gratiam
510 4457 654 4549 gratus
680 4447 808 4547 refert
832 4449 1051 4545 discipulus.

374 4575 546 4672 Denique
566 4598 637 4662 aas,
662 4572 938 4662 commilitones,
952 4572 1168 4669 quibuscum
1177 4577 1455 4672 periucundum

323 4696 420 4771 vitae
447 4706 590 4792 tempus
614 4696 710 4793 clegi,
739 4719 800 4767 vos
827 4720 950 4768 omms
976 4695 1101 4769 ualere
1128 4698 1238 4774 iubeo.
