3717 5575
934 737 1007 787 212

928 927 1015 1002 XII.

457 1127 611 1200 Punoc.
637 1152 698 1224 ap.
726 1126 847 1201 Ccnu.
877 1127 1015 1202 Strom.
1042 1127 1107 1219 III,
1139 1148 1196 1222 17,
1222 1154 1258 1225 p.
1288 1131 1361 1222 518
1387 1128 1533 1223 (Dmcs,

403 1249 464 1322 Fr.
504 1248 540 1322 d.
579 1249 688 1323 Vors.
728 1275 815 1348 pag.
854 1272 941 1345 255,
971 1250 1013 1324 sr.
1050 1254 1128 1347 14):
1157 1250 1389 1355 μαρτνρὲονται
1416 1249 1452 1328 δὲ
1480 1256 1536 1327 καὶ

401 1376 431 1449 οἱ
466 1374 599 1449 παλαιοὶ
638 1372 778 1476 θεολόγοι
815 1404 847 1449 τε
880 1379 938 1450 καὶ
967 1371 1110 1476 μάντεις,
1139 1378 1183 1464 ὡς
1210 1369 1269 1449 διά
1293 1404 1385 1464 τινας
1413 1368 1535 1473 [ctuosi]

401 1500 555 1599 τιμωρίας
592 1496 614 1570 ά
651 1489 744 1599 ψνχά
771 1510 827 1571 τῶι
855 1492 982 1597 σάματι
1012 1495 1216 1590 συνέζευκται
1245 1497 1302 1572 καὶ
1331 1492 1475 1598 καθάπερ
1503 1496 1535 1569 ἐν

403 1620 526 1719 σάματι
554 1611 665 1693 τοὺτωι
691 1618 854 1694 τέθαπται.
886 1616 1038 1713 Orphici
1067 1631 1253 1691 notantur.

916 1858 1024 1934 XIII.

457 2055 651 2129 Acscuvu.
683 2055 878 2130 Eumenid.
908 2081 982 2130 vss,
1019 2076 1090 2150 174
1106 2083 1188 2154 sqq.
1218 2056 1292 2155 (ed.
1324 2057 1517 2152 chxu.):

482 2178 585 2282 κάμοὶ
610 2211 646 2282 γε
676 2178 793 2282 λυπρὸς
822 2186 878 2255 καὶ
906 2179 960 2256 τὸν
989 2175 1048 2257 οὐκ
1076 2175 1253 2270 ἐκλύσεται,

482 2301 542 2378 ὑπό
569 2332 601 2377 τε
628 2311 694 2404 γᾶν
721 2297 830 2404 φυγὼν

482 2417 520 2500 σά
546 2422 615 2500 ποτ’
646 2424 872 2526 ελευθεροῦται,

481 2577 551 2624 ποτε
578 2575 727 2648 τροπαισς
754 2543 787 2621 δ’
817 2545 859 2621 ὣν
891 2540 1053 2646 [PORSON
1080 2546 1123 2622 ὢν
1151 2543 1197 2647 δ’]
1227 2541 1327 2650 έτερον
1357 2548 1389 2622 ἐν
1418 2541 1506 2650 κάρᾳ

482 2664 630 2771 μιάστορ’
660 2669 778 2744 ἐκείνου
806 2662 1003 2763 ιτα(ὖ)σεται.

403 2792 469 2866 Vs.
506 2797 576 2885 178
606 2790 766 2863 conicio:
795 2789 944 2895 μιάστορ’
974 2786 1058 2896 ἔχειν
1086 2786 1123 2868 οὐ
1152 2786 1320 2870 παύσεται.

945 3018 1049 3092 XIV.

459 3216 640 3290 C1cnn0n.
679 3241 738 3313 ep.
778 3217 827 3289 ad
856 3216 938 3290 Att.
969 3216 998 3306 1,
1034 3239 1091 3309 13,
1122 3240 1162 3308 4:
1191 3216 1296 3288 Tuus
1324 3231 1451 3290 autem
1479 3214 1539 3290 ille

404 3340 544 3412 amicus
572 3338 675 3434 (scin,
705 3363 817 3436 quem
845 3337 1010 3434 dicanti),
1040 3338 1087 3411 de
1112 3364 1186 3434 quo
1211 3354 1249 3411 tu
1274 3339 1323 3411 ad
1347 3364 1408 3412 me
1432 3339 1540 3435 scrip-

405 3462 493 3552 sisti,
518 3477 651 3558 postea
675 3485 788 3556 quarn
813 3484 889 3533 non
912 3461 1068 3533 auderet
1087 3460 1371 3557 reprehendere,
1388 3459 1540 3535 laudare

405 3585 584 3682 coepisse,
614 3609 695 3674 nos,
724 3600 765 3657 ut
793 3583 968 3673 ostendit,
997 3583 1202 3656 admodum
1225 3582 1355 3682 diligit,
1380 3582 1539 3682 amplec-

404 3708 502 3798 titur,
536 3722 649 3797 amat,
679 3720 809 3803 aperte
837 3704 978 3795 iaudat,
1008 3704 1163 3796 occulte,
1193 3708 1272 3797 sed,
1302 3707 1364 3797 ita,
1394 3723 1433 3780 ut
1460 3732 1540 3805 per·

405 3831 571 3928 spicuum
600 3829 657 3919 sit,
686 3829 838 3902 invidet.

461 3952 541 4025 Nec
558 3951 756 4049 Pompeius
774 3976 844 4025 nec
859 3950 1028 4040 Crassus,
1044 3951 1111 4023 sed
1128 3950 1352 4025 Hortensius
1366 3952 1537 4049 carpitur.

932 4178 1019 4253 XV.

458 4377 632 4451 Tuucvu.
674 4376 814 4450 Histor.
854 4374 920 4465 VI,
961 4380 1022 4468 36,
1063 4401 1081 4447 2
1123 4375 1196 4470 (ed.
1237 4375 1384 4472 Hunc):
1419 4379 1449 4453 οἱ
1475 4371 1540 4481 γάρ

407 4500 545 4592 δεδιότες
569 4502 635 4603 ἰδίᾳ
659 4531 687 4576 τι
711 4494 885 4603 βούλονται
907 4498 967 4583 τὴν
990 4497 1081 4574 πάλιν
1106 4500 1137 4589 ἐς
1160 4494 1313 4590 ἔκπληξιν
1333 4496 1540 4601 καθιστάναι,

407 4622 491 4715 ὅπως
518 4638 562 4730 τῷ
591 4637 687 4729 κοινῷ
715 4623 803 4726 φόβῳ
832 4624 875 4698 τὸ
903 4622 1046 4725 σφέτερον
1075 4619 1353 4724 ἐπηλυγάζωνται.

461 4744 584 4843 Lege:
612 4745 683 4821 τὸν
711 4744 865 4848 σφέτερον.
