3717 5575
980 640 1027 731 58

438 833 588 932 phorum
611 861 761 910 numero
779 833 834 909 ille
846 835 991 925 habeat,
1007 836 1091 909 satis
1104 851 1159 909 est
1171 836 1401 932 perspicuum.
1419 833 1569 923 Etenim,

438 957 466 1029 si
493 958 540 1029 ad
563 957 802 1032 definitionum
828 957 954 1032 harum
977 984 1138 1032 normam
1160 958 1309 1056 dirigere
1331 973 1367 1031 te
1388 954 1501 1046 voles,
1524 955 1571 1029 de

437 1080 601 1153 omnibus
627 1081 690 1154 erit
716 1080 903 1155 dicendum
929 1082 1001 1169 tibi,
1030 1082 1089 1178 qui
1111 1081 1297 1155 veritatem
1319 1079 1406 1152 scire
1427 1105 1468 1153 se
1490 1105 1569 1176 pro·

437 1200 610 1277 fiteantur.
646 1203 757 1296 Quod
784 1204 941 1277 indicium
968 1204 1126 1278 incertius
1153 1220 1219 1292 est,
1247 1228 1355 1302 quam
1380 1218 1419 1275 ut
1445 1226 1570 1275 norma

436 1326 470 1397 in
496 1326 564 1398 hac
590 1351 628 1399 re
655 1341 850 1423 usurpetur.

489 1447 650 1538 Accedit,
677 1448 777 1545 quod
798 1448 938 1522 minime
961 1448 1043 1521 solit
1064 1448 1182 1522 verbis
1196 1473 1293 1546 quae
1306 1462 1388 1521 sunt
1400 1453 1569 1550 φιλοσοφία

436 1584 474 1643 et
499 1569 668 1675 φιλέσοφος
694 1572 852 1645 subiecta
878 1587 934 1645 est
955 1571 1050 1645 notio
1074 1597 1119 1644 ea
1134 1597 1230 1669 quae
1243 1570 1338 1643 hisce
1351 1570 1570 1667 temporibus

435 1693 525 1767 inest
537 1693 719 1767 vocabulis
725 1694 952 1790 philosophae
965 1711 1002 1768 et
1007 1694 1250 1791 pln‘losoplrus.
1276 1691 1428 1789 Euthyd.
1448 1691 1568 1764 288D

436 1823 604 1920 φιλοσοφία
626 1816 786 1891 definitur
809 1831 918 1908 κτῆσις
942 1819 1131 1920 ἐπιστήμης,
1150 1832 1188 1890 et
1200 1816 1278 1889 huie
1291 1814 1476 1890 definitioni
1490 1839 1568 1889 con·

435 1955 605 2040 gruenter
627 1940 794 2038 Sympos.
824 1939 939 2034 203ss
962 1966 1015 2037 sq.
1041 1939 1161 2014 dicitru
1183 1941 1331 2013 deorum
1350 1936 1484 2011 nullum
1496 1938 1568 2034 phi·

434 2060 613 2159 losophari
635 2063 850 2166 (φιλοσοφεῖν),
875 2086 940 2135 nec
963 2087 1004 2135 se
1026 2087 1156 2159 cupere
1179 2062 1376 2158 sapientem
1389 2059 1567 2149 exsistere,

435 2209 536 2257 cum
571 2184 630 2258 sit
665 2184 858 2281 sapiens
895 2183 1029 2287 (σοφίς);
1063 2208 1210 2281 neque
1245 2183 1282 2256 si
1315 2180 1568 2279 quisalius

435 2306 627 2404 sapiens
650 2307 770 2411 (σοφός)
793 2307 870 2398 sit,
895 2308 1006 2380 hunc
1028 2305 1566 2409 philosophari(priorepaiu),

434 2454 501 2502 nec
522 2428 674 2527 denique
695 2428 934 2528 philosophari
946 2430 1163 2526 insipientes3
1177 2445 1215 2502 et
1228 2427 1389 2502 definitur
1400 2428 1568 2531 φιλόσοφος

435 2552 463 2625 is
490 2552 547 2649 qui
573 2568 629 2625 est
654 2549 779 2655 μεταξὺ
808 2561 905 2655 σοφοῦ
931 2559 988 2629 καὶ
1016 2550 1180 2654 ἀμαθοῦς.
1190 2547 1216 2648 1)

488 2672 540 2746 At
566 2672 639 2747 aliis
664 2671 759 2762 locis,
789 2689 829 2747 ut
855 2673 1006 2746 Theaet.
1044 2694 1112 2766 152
1129 2672 1173 2763 E,
1199 2698 1307 2771 quem
1330 2671 1449 2747 locum
1461 2698 1568 2770 supra

433 2796 574 2871 laudavi
595 2813 633 2871 et
658 2796 788 2870 Phileb.
826 2802 870 2869 16
885 2794 964 2893 E'),
992 2804 1085 2899 σοφοί
1103 2812 1275 2870 vocantur
1295 2823 1386 2896 quos
1408 2822 1473 2871 nos
1495 2797 1567 2895 phi·

480 3086 581 3136 Revera
599 3094 686 3136 autem
702 3088 769 3152 Rep.
786 3088 810 3136 V
826 3099 877 3150 473
888 3088 909 3136 C
920 3088 945 3135 D
962 3086 1101 3151 significari
1116 3087 1271 3135 aPLAToNE
1281 3085 1453 3151 philosophos
1463 3086 1567 3151 proprie

435 3170 528 3236 dictos,
553 3188 602 3223 nee
625 3180 677 3222 tam
700 3187 863 3223 communem
888 3189 944 3223 esse
969 3173 1018 3222 hoe
1043 3173 1102 3222 loco
1127 3173 1199 3221 vocis
1224 3172 1300 3221 huius
1324 3173 1386 3237 vim,
1410 3189 1488 3238 quam
1507 3188 1565 3223 eum

435 3258 680 3326 WluuaLBANDmS,
704 3268 758 3309 tum
783 3261 896 3310 STALLB.
915 3260 984 3309 adl.
1004 3259 1105 3309 videtur
1125 3268 1225 3325 putare,
1243 3260 1407 3326 manifestum
1425 3267 1464 3309 est
1483 3275 1514 3309 ex
1533 3260 1565 3309 iis

435 3360 502 3410 quae
527 3355 650 3412 rogantur
675 3362 735 3412 pag.
759 3345 857 3410 484B:
882 3339 966 3400 ὶπσιδιῐ
990 3345 1124 3406 φιλόσοφοι
1148 3343 1193 3404 μὶν
1216 3343 1241 3392 ol
1260 3347 1305 3391 τοῦ
1328 3343 1368 3393 θινὶ
1390 3345 1457 3393 κατὰ
1480 3341 1566 3394 ταθτα

416 3428 553 3491 ,ὦσαθτοις
575 3429 681 3493 ίχοντος
697 3428 826 3492 θυνθμννυι
845 3429 1009 3493 ίφάπτσσθαι,
1027 3430 1053 3479 σί
1068 3428 1095 3479 δυ
1113 3430 1148 3491 μὴ
1166 3428 1228 3479 ἀλλ’
1246 3429 1271 3479 ἓν
1288 3433 1392 3489 πολλοῖς
1408 3430 1451 3479 καὶ
1467 3430 1566 3490 πάντας

429 3509 538 3574 ’ίσχουσι
560 3512 713 3573 πλανώμενοι
736 3510 763 3561 σθ
786 3514 927 3574 φιλόσοφοι,
948 3510 1106 3572 ποτέρους
1130 3509 1165 3570 δὴ
1189 3510 1240 3561 δεῖ
1259 3514 1381 3571 πόλιας
1404 3514 1566 3578 θιγομθνας

432 3589 529 3649 uttan
547 3612 569 3646 e.
580 3613 607 3662 q.
617 3614 637 3647 s.
658 3598 792 3647 Praeterea
809 3597 999 3647 animadvertas
1017 3597 1083 3645 illud
1100 3594 1207 3656 γνησίως
1225 3611 1255 3644 τι
1272 3595 1313 3643 καὶ
1330 3596 1426 3653 imae!

478 3685 599 3734 Ceterum
617 3699 775 3749 quamquam
793 3699 825 3733 ex
844 3683 884 3733 his
902 3683 968 3733 locis
986 3683 1049 3748 quid
1069 3683 1102 3733 sit
1122 3699 1181 3733 vere
1201 3684 1353 3750 philosophi
1368 3702 1471 3752 munus,
1487 3686 1563 3737 facile

434 3771 599 3837 perspicitur,
622 3778 649 3820 et
669 3786 759 3820 norma
777 3770 861 3836 datur,
879 3771 913 3820 ad
931 3786 1010 3835 quam
1027 3770 1137 3821 aliorum
1155 3770 1371 3835 philosophorum
1388 3772 1457 3821 facta
1474 3779 1501 3823 et
1518 3773 1562 3823 do·

433 3858 530 3908 ctrinae
549 3858 602 3907 siut
620 3858 790 3923 aestimanda,
807 3874 919 3923 —quos
935 3858 962 3908 in
979 3857 1194 3924 philosophorum
1207 3874 1314 3908 numero
1330 3859 1449 3909 habuerit
1465 3861 1565 3926 Pharo,

434 3952 503 3995 certo
523 3961 554 3994 ex
573 3945 605 3994 iis
623 3945 689 3994 effici
708 3961 762 3994 non
781 3951 875 4010 potest.

480 4032 506 4098 1)
525 4032 581 4083 θιθῖν
605 4031 683 4090 abacia
705 4035 840 4097 φιλοσοφοῖ
861 4031 913 4082 οὔδ’
937 4033 1051 4095 ἐπιθυμεῖ
1073 4034 1150 4096 σοφὸς
1166 4033 1297 4095 γενέσθαι·
1316 4032 1374 4083 θστι
1391 4033 1455 4097 γθο·
1474 4032 1526 4083 οὔδ’
1544 4032 1570 4083 (ί

432 4132 472 4173 τις
488 4113 568 4172 ἄλλος
584 4118 669 4178 σοφός,
686 4113 714 4164 οθ
731 4117 873 4178 φιλοσοφοῖ.
891 4113 943 4163 οὔδ’
960 4110 992 4163 αθ
1011 4115 1036 4164 a!
1047 4113 1151 4176 ἀμαθεῖς
1166 4118 1346 4178 φιλοσοφοῦσιν
1361 4114 1413 4165 οὐδ’
1422 4117 1568 4177 ἐπιθυμοῦσι

430 4196 504 4260 σοφοὶ
524 4196 640 4260 γενέσθαι
650 4236 656 4247 .
666 4235 672 4247 .
683 4236 705 4248 .,
730 4198 801 4255 Τίνος
823 4192 872 4255 οὖν,
888 4196 949 4260 ’ίφηι
967 4197 1025 4259 ἐγώ,
1041 4193 1059 4246 ὦ
1076 4198 1196 4258 Διοτίμα,
1213 4199 1238 4247 οί
1249 4200 1454 4261 φιλοσοφοῦντος,
1467 4198 1490 4247 τί
1504 4197 1569 4259 μήτε

431 4280 457 4328 υί
471 4279 544 4343 σοφοὶ
560 4278 627 4341 μήτε
643 4280 669 4329 σί
683 4279 801 4340 θμαθιῖςς
825 4281 914 4337 Δῆλον,
938 4278 993 4342 ίφιι,
1011 4281 1088 4329 τοθτθ
1106 4296 1137 4342 γι
1155 4278 1199 4337 ἤδη
1219 4279 1261 4328 καὶ
1278 4278 1358 4336 παιδί,
1375 4279 1414 4330 θτι
1431 4281 1457 4331 σί
1471 4281 1569 4345 μεταξὺ

431 4359 527 4411 τοθτοιν
548 4360 704 4423 ἀμφοτέροιν,
726 4356 758 4409 ὧν
780 4356 812 4410 αθ
836 4361 879 4410 καὶ
899 4360 911 4409 θ
929 4361 1013 4422 ’Ἔρυς
1030 4360 1089 4410 ’ίστι
1106 4364 1156 4424 γὰρ
1174 4360 1203 4418 δὴ
1222 4368 1271 4410 τῶν
1289 4363 1434 4411 καλλίσταν
1452 4361 1466 4417 ἦ
1485 4363 1570 4426 σοφία,

431 4442 509 4505 Ἔρος
532 4440 625 4492 δ’ἐστῖν
648 4441 707 4506 ’θροις
729 4442 786 4505 περὶ
808 4443 838 4492 τὸ
862 4446 947 4499 ιιαλθν,
970 4442 1037 4492 θίστι
1059 4442 1195 4505 αναγκαῖον
1218 4444 1317 4503 Ἔρωτα
1340 4446 1477 4508 Φιλόσοφον
1500 4441 1569 4500 εἶναι,

431 4526 567 4588 φιλθσοφον
586 4523 613 4573 δὲ
627 4524 690 4574 ’θντοι
707 4525 806 4589 μεταξὺ
823 4519 884 4572 εῖναι
902 4527 981 4586 σοφοῦ
997 4524 1039 4573 καὶ
1055 4523 1173 4585 ἀμαθοῦς.

477 4608 505 4676 2)
524 4607 550 4655 οί
571 4604 598 4655 at
619 4609 659 4655 νῖν
680 4610 729 4654 τοῖν
749 4604 875 4668 ἂνθρθπυι
897 4607 979 4667 σοφοί,
994 4609 1090 4675 quibus
1104 4609 1190 4659 verbis
1206 4610 1567 4676 Eleatassignificariindicat

433 4696 577 4746 HERMANN
597 4713 621 4746 o.
630 4696 649 4746 1.
668 4712 728 4761 pag.
748 4709 809 4761 242,
829 4695 862 4745 cf.
881 4712 942 4761 pag.
961 4696 1022 4761 326,
1040 4696 1100 4745 adn.
1119 4696 1179 4759 306.
