3717 5575
1864 681 2013 750 214

1853 899 2030 974 XX.

910 1097 1191 1170 Lvsnuz
1247 1121 1351 1169 or.
1413 1095 1701 1187 XXIV,
1759 1099 1807 1193 ξ
1874 1121 1961 1190 13
2014 1096 2160 1193 (ed.
2212 1124 2283 1171 v,
2341 1098 2901 1197 HERWERDEN):
2952 1114 3065 1177 Το-

800 1227 1021 1296 σοῦτον
1095 1216 1167 1296 δὲ
1233 1220 1604 1323 διενήνοχεν
1661 1217 2095 1324 οἷναισχυντίᾳ
2147 1234 2274 1297 τῶν
2331 1217 2632 1298 οἱποίντων
2689 1220 3064 1326 οίνθρῶπων,

802 1338 954 1418 ὥσθ’
1012 1341 1188 1443 ὑμᾶς
1242 1350 1531 1445 πειροῖται
1585 1346 1839 1442 πείθειν,
1892 1339 2229 1433 τοσούτους
2285 1340 2477 1434 ’ὄντας
2521 1340 2605 1435 εἷς
2653 1341 2764 1434 ὧν,
2814 1349 2902 1436 ὡς
2947 1341 3065 1422 οὐκ

803 1468 929 1566 εἰμὶ
980 1478 1105 1538 τῶν
1161 1459 1506 1541 οίδυνοῖτων
1563 1460 1709 1566 ἐγώ.
1773 1467 1993 1540 Καίτοι
2048 1471 2101 1539 εί
2150 1471 2334 1540 τοῦτο
2387 1470 2578 1543 πείσει
2629 1461 2810 1558 τινὰς
2856 1467 3062 1569 ὑμῶν,

803 1576 852 1660 ἶ)
925 1581 1162 1689 βοῦλη,
1236 1591 1302 1661 τί
1364 1615 1448 1687 με
1522 1580 1792 1662 κωλύσει
1859 1590 2251 1689 κληροῦσθαι
2304 1618 2429 1664 των
2486 1587 2642 1665 ἐννέ’
2702 1587 3062 1692 οίρχόντων,

805 1713 917 1784 καὶ
991 1708 1168 1808 ὑμᾶς
1240 1715 1352 1782 νῦν
1424 1705 1545 1809 μὲν
1620 1705 1962 1809 α’φελέσθαι
2033 1707 2140 1783 τὸν
2214 1708 2448 1811 ὀβολὸν
2504 1713 2592 1800 ὦς
2645 1710 3066 1812 ὑγιαίνοντος,

804 1829 940 1906 τότε
996 1827 1068 1906 δὲ
1122 1833 1519 1933 ψηφίσασθαι
1573 1826 1687 1905 ποί
1703 1858 1911 1919 ντας
1966 1833 2052 1920 ὡς
2107 1827 2448 1934 α’ναπῆρῳ.

915 1951 1396 2025 RAUCHENST.
1483 1975 1618 2047 pro
1690 1947 1972 2042 πάνταςε
2046 1950 2432 2044 πεισθέντας.
2511 1951 2710 2026 Nihil
2786 1969 3068 2026 mutan-

805 2075 984 2148 dum
1040 2089 1176 2147 est.

1843 2285 2060 2360 XXI.

917 2482 1145 2557 PAUL.
1205 2509 1324 2580 ep.
1385 2481 1483 2556 ad
1540 2480 1816 2579 EpheS.
1881 2482 1936 2572 Ι,
2008 2506 2081 2556 1:
2143 2491 2406 2575 Παῦλος
2452 2485 2809 2579 ἀπόστολος
2859 2485 3072 2576 Ἰησοῦ

810 2615 1083 2706 Χριστοῦ
1130 2601 1243 2683 διὰ
1293 2607 1659 2708 θελήματος
1707 2614 1899 2696 Θεοῦ,
1946 2615 2076 2698 τοῖς
2123 2609 2331 2710 α’γίοις
2375 2615 2505 2699 τοῖς
2552 2594 2728 2686 οὖσιν
2776 2611 2839 2685 ἐν
2893 2607 3068 2711 Ἐφέ-

809 2762 899 2833 σῳ
958 2734 1072 2806 καὶ
1127 2737 1366 2819 πιστοῖς
1420 2729 1483 2804 ἐν
1541 2740 1788 2835 Χριστῷ
1851 2726 2088 2817 Ἰησοῦ.

915 2852 1079 2925 Ten
1138 2850 1491 2924 onrechte
1547 2850 1847 2923 houden
1904 2849 2122 2924 velen
2170 2850 2266 2924 de
2312 2854 2663 2926 woorden
2713 2858 2776 2930 ἐν
2829 2852 3070 2957 Ἐφέσῳ

811 3000 1000 3049 voor
1053 2998 1242 3047 eene
1296 2970 1785 3070 interpolatie.

1819 3201 2074 3276 XXII.

922 3400 1176 3473 PLATO
1249 3399 1452 3498 wijkt
1522 3399 1593 3472 in
1651 3399 1839 3497 zijne
1894 3398 2421 3496 beschouwing
2476 3399 2924 3497 aangaande
2978 3399 3074 3474 de

813 3523 1177 3597 barbaren
1238 3522 1321 3596 af
1363 3546 1511 3595 van
1560 3522 1655 3594 de
1701 3522 2094 3619 gangbare
2143 3522 2492 3620 meening
2538 3523 2670 3596 der
2716 3521 3070 3597 Grieken.

1803 3748 2093 3824 XXIII.

924 3949 1045 4022 De
1101 3948 1250 4020 min
1297 3947 1524 4046 juiste
1577 3944 2334 4045 gevolgtrekkingen,
2383 3964 2709 4021 waartoe
2756 3947 3071 4038 WEBER,

819 4071 1106 4146 Platon.
1163 4070 1404 4146 Notiz.
1450 4070 1630 4143 iiber
1672 4069 2044 4166 OrpheuS,
2091 4069 2537 4167 aangaande
2567 4069 2886 4143 PLATo’s
2916 4095 3076 4144 001·-

818 4192 985 4267 deel
1052 4218 1234 4267 over
1297 4192 1645 4289 Orpheus
1689 4192 1927 4283 komt,
1974 4190 2248 4264 vinden
2296 4191 2444 4263 hun
2494 4192 2818 4265 oorzaak
2864 4217 3080 4266 νοοῖ-

820 4314 1173 4414 namelijk
1228 4314 1483 4405 hierin,
1542 4314 1674 4387 dat
1729 4312 1828 4411 hij
1890 4314 2042 4387 niet
2087 4311 2514 4388 voldoende
2564 4313 3085 4387 onderscheidt

819 4438 1165 4513 tusschen
1216 4436 1566 4533 Orpheus
1613 4463 1707 4510 en
1756 4436 1850 4509 de
1901 4435 2229 4532 Orphici,
2279 4460 2371 4509 en
2422 4435 2574 4509 niet
2601 4436 2853 4509 steeds
2879 4436 3086 4509 reke-

820 4562 999 4658 ning
1048 4560 1284 4633 houdt
1333 4577 1485 4633 met
1532 4560 1677 4632 den
1726 4583 1939 4632 vorm
1984 4558 2255 4631 waarin
2290 4557 2543 4630 PLA-ro
2572 4558 2759 4656 zijne
2789 4561 3083 4632 werken

819 4683 1280 4780 geschreven
1339 4681 1564 4755 heeft.
