3717 5575
879 731 924 809 75

335 912 507 1019 μοίζεσθαι,
534 916 570 992 τὸ
596 923 653 992 τοῦ
680 913 811 1007 α’ληθῶς
838 929 902 992 τῶν
924 916 981 992 τὸν
1006 924 1082 994 νοῦν
1105 914 1247 1020 ἐχόντων
1261 912 1470 1009 δεσπόζοντος

336 1043 407 1115 θεοῦ
435 1035 541 1141 ὄνομα
568 1038 729 1141 λέγεσθαι.

391 1172 465 1238 ΚΛ.
492 1167 548 1253 Τίς
576 1157 608 1238 δ’
635 1168 653 1237 ὁ
680 1161 771 1265 θεθς;

392 1293 462 1361 ΑΘ.
489 1278 554 1386 Ἆρ’
582 1268 638 1359 οὖν
666 1280 759 1388 μύθῳ
787 1281 912 1390 σμικροί
939 1278 971 1388 γ’
999 1279 1042 1360 ἔτι
1066 1282 1317 1388 προσχρηστέον,
1340 1285 1367 1358 εἰ
1387 1280 1471 1384 μέλ·

339 1412 436 1508 λομεν
464 1407 613 1509 ἐμμελῶς
640 1436 707 1498 πως
735 1410 887 1496 δηλῶσαι
913 1408 949 1484 τθ
976 1414 1033 1484 νῦν
1061 1405 1284 1511 ἐρωτώμενονς

393 1538 467 1605 ΚΛ.
499 1525 592 1606 Ποίνν
621 1526 681 1631 μὲν
709 1514 779 1606 οὖν.

392 1662 463 1729 ΑΘ.
491 1646 618 1728 Οὐκοῦν
645 1649 711 1755 χρὴ
739 1647 844 1757 ταθτη
872 1655 969 1756 δρᾶν.

394 1772 570 1847 Ceterum
607 1798 710 1865 vero,
744 1772 829 1848 licet
856 1799 932 1848 non
960 1774 1042 1871 ipsa
1070 1775 1117 1847 sit
1145 1771 1393 1872 philosophia,
1422 1770 1472 1844 ad

342 1894 616 1994 philosophiam
640 1911 740 1970 certe
756 1897 917 1994 pertinet
931 1896 1080 1994 mythus
1090 1892 1116 1993 ¹)
1129 1925 1136 1970 :
1153 1897 1227 1969 iam
1241 1894 1472 1969 afferendum

342 2035 399 2092 est
435 2019 493 2092 hic
529 2019 567 2092 id
604 2019 707 2117 quod
738 2019 835 2093 Tim.
869 2020 966 2092 22C
994 2044 1078 2115 sqq.
1108 2016 1255 2117 legitur,
1285 2043 1361 2116 quo
1389 2014 1473 2089 loco

342 2141 619 2240 Aegyptiorum
633 2142 871 2216 sacerdotum
888 2141 971 2240 quis
986 2139 1114 2215 Soloni
1129 2141 1267 2214 dixisse
1283 2153 1472 2215 narratur:

341 2265 376 2340 τὸ
411 2260 478 2368 γὰρ
513 2250 570 2341 οὖν
606 2271 664 2342 καὶ
702 2260 777 2368 παρ’
814 2265 918 2368 ὑμῶν,
958 2264 1087 2361 inquit,
1117 2263 1305 2367 λεγόμενον,
1332 2261 1375 2354 ὥς
1401 2292 1474 2339 ποτε

344 2389 474 2464 Φαέθων
511 2384 620 2464 Ἠλιόν
658 2396 734 2479 παῖς
768 2387 804 2463 τὸ
840 2395 896 2464 τοῦ
931 2390 1053 2491 πατρὸς
1084 2381 1179 2490 ἅρμα
1208 2381 1326 2481 ζεθξοις
1353 2380 1411 2462 διὰ
1438 2385 1474 2461 ri

342 2508 390 2612 μὴ
431 2509 569 2600 δννατθς
605 2508 685 2587 εἶναι
722 2504 810 2586 κατὰ
838 2508 898 2595 τὴν
924 2517 982 2586 τοῦ
1008 2510 1128 2613 πατρὸς
1155 2509 1232 2586 ὁδὸν
1260 2503 1405 2585 ελαθνειν
1433 2504 1477 2585 τοί

342 2627 370 2706 τ’
397 2634 445 2710 ἐπὶ
467 2645 529 2735 γῆς
552 2633 729 2724 ξννέκανσε
752 2638 809 2709 καὶ
832 2628 928 2723 αὐτὸς
954 2636 1163 2735 κεραυνωθεὶς
1177 2628 1346 2734 διερθοίρη,
1359 2638 1475 2706 τοῦτο

348 2749 488 2858 μθθον
524 2752 602 2857 μὲν
639 2767 792 2860 σχῆμα
828 2750 931 2859 ἕχον
969 2755 1172 2859 λέγεται,
1207 2753 1243 2830 τὸ
1279 2752 1316 2831 δὲ
1356 2751 1476 2844 α’ληθές

345 2880 407 2955 ἐστι
434 2893 497 2954 τὼν
525 2883 591 2981 περὶ
619 2890 681 2981 γῆν
710 2880 767 2956 καὶ
796 2874 868 2955 κατ’
895 2874 1030 2981 οὐρανὸν
1058 2877 1167 2954 ἰόντων
1190 2873 1396 2982 παράλλαξις
1419 2882 1476 2953 καὶ

345 2994 401 3077 διὰ
439 3014 576 3103 μακρῶν
613 2999 740 3104 χρθνων
776 3001 952 3104 γιγνομένη
990 3015 1053 3077 τὼν
1090 3002 1138 3076 ἐπὶ
1174 3012 1236 3103 γῆς
1265 3000 1338 3102 πυρὶ
1366 3003 1476 3103 πολλῷ

342 3126 457 3226 ρθοροί,
485 3146 598 3217 quam
625 3121 832 3196 doctrinam
860 3148 944 3196 cum
971 3122 1170 3195 convenire
1197 3146 1282 3193 cum
1309 3119 1351 3192 iis
1379 3143 1477 3218 quae

344 3241 424 3317 aliis
451 3243 542 3317 locis
568 3260 709 3318 statuat
738 3246 865 3318 Prno
888 3243 1044 3342 (Politic.
1070 3272 1106 3343 p.
1135 3249 1209 3336 269
1233 3268 1331 3341 sqq„
1354 3243 1475 3340 Legg.

346 3366 413 3457 111,
452 3393 488 3463 p.
520 3372 594 3461 677
613 3366 649 3438 A
688 3372 800 3465 sqq.)‚
838 3384 918 3441 tum
954 3366 1106 3440 omnino
1134 3364 1289 3440 aliorum
1317 3362 1478 3462 philoso

345 3489 505 3585 phorum
541 3490 734 3563 sententiis
770 3489 1047 3588 (Orphicorum‚
1089 3486 1269 3564 Heracliti
1306 3486 1477 3583 aliorum)

347 3609 503 3685 similem
531 3637 627 3705 esse,
656 3629 815 3710 apparet
844 3638 890 3686 ex
918 3613 961 3686 iis
990 3637 1087 3711 quae
1111 3613 1161 3686 ad
1184 3610 1307 3685 locum
1321 3609 1480 3683 adnotat

347 3732 587 3809 spiramen.

402 3857 463 3930 De
499 3857 552 3948 iis,
592 3882 690 3954 quae
725 3857 762 3930 in
789 3855 889 3930 libris
917 3858 978 3931 De
1008 3853 1167 3954 Republ.
1197 3855 1341 3953 scriptis
1368 3879 1480 3951 expo-

348 3995 495 4071 nuntur,
537 3978 634 4053 Tim.
676 3980 772 4052 26C
809 4006 892 4077 sqq.
936 3980 972 4053 in
1009 3979 1106 4052 hunc
1143 3977 1297 4051 modum
1335 3977 1481 4050 disserit

349 4101 505 4175 CRmAs
544 4128 626 4176 cum
664 4100 841 4177 Socrate:
876 4099 952 4195 τοὺς
979 4101 1016 4179 di
1041 4109 1175 4193 πολίτας
1202 4104 1259 4178 καὶ
1287 4099 1346 4186 τὴν
1373 4101 1480 4202 πόλιν,

349 4219 389 4308 iv
416 4223 494 4328 χθὲς
523 4230 602 4327 ἡμῖν
632 4229 685 4315 ὡς
713 4227 754 4301 ἐν
777 4220 895 4329 μύθῳ
920 4226 1070 4329 διῄειοθα
1092 4219 1147 4326 σθ,
1170 4230 1226 4300 νῦν
1241 4223 1481 4324 μετενεγκόντες

350 4350 398 4425 ἐπὶ
430 4345 568 4439 τοῖληθὲς
595 4351 688 4451 δεῦρο
717 4350 858 4451 θήσομεν
888 4352 932 4439 ὡς
960 4350 1082 4436 ἐκείνην
1109 4349 1208 4432 τηνθε
1236 4332 1352 4448 οὖσαν,
1381 4351 1480 4422 κ.τ.λ.

397 4607 423 4675 ι)
442 4607 483 4657 Cf.
508 4606 621 4657 Sanina
647 4605 681 4655 ad
705 4606 773 4672 Rep.
792 4604 889 4668 6143:
910 4605 1033 4670 „Etenim
1050 4605 1219 4656 continentur
1235 4604 1319 4671 mythi
1336 4604 1408 4671 apud
1425 4603 1482 4655 Pla·

349 4703 439 4745 ionem
457 4694 511 4744 fere
529 4694 639 4744 arctiore
655 4693 766 4759 quedam
785 4709 843 4743 eum
862 4694 920 4759 ipsa
939 4693 1124 4760 philosophiae
1143 4694 1262 4745 doctrine
1280 4692 1482 4759 necessitudine,

352 4797 430 4847 qnam
448 4781 568 4848 plerique
587 4780 712 4847 suspicati
729 4780 806 4832 sunt”
826 4796 849 4830 e.
858 4795 886 4846 q.
896 4796 917 4829 s.
