3717 5575
790 632 858 725 185

258 849 402 901 nauum
443 826 533 903 vitio
570 828 634 902 dat
670 825 924 926 explicationis
960 829 1082 927 gratia
1118 830 1189 904 huc
1225 830 1389 905 referens

258 973 356 1045 quae
392 948 504 1048 plane
535 967 621 1025 sunt
648 950 815 1027 diversa:
846 952 941 1050 Rep.
972 952 1006 1024 ll
1038 959 1113 1047 364
1143 952 1175 1026 E
1203 979 1286 1051 sqq.
1314 953 1393 1026 alii

258 1069 451 1169 Orpheum
489 1087 528 1147 et
565 1072 763 1148 Musaeum
800 1076 944 1166 Σελήνης
980 1107 1012 1153 τε
1043 1079 1099 1153 καὶ
1131 1089 1269 1155 Μουσῶν
1299 1074 1389 1178 ἐγγό·

254 1224 329 1285 κους
365 1193 512 1288 dicunt,
528 1190 555 1293 ¹)
591 1194 689 1271 Tim.
730 1197 833 1290 40D
861 1200 892 1274 οἱ
918 1196 1077 1301 εἰρηκότες
1111 1193 1283 1303 ἔμπροσθεν
1314 1197 1393 1293 ipsi

254 1339 295 1388 se
341 1314 496 1390 deorum
541 1317 759 1416 progeniem
806 1344 888 1393 esse
924 1318 1161 1417 profitentur,
1195 1335 1391 1417 praeterea

257 1438 351 1535 Rep.
382 1439 415 1511 ll
448 1445 523 1534 364
553 1438 750 1534 ΕΣελήκης
773 1473 805 1519 τε
829 1444 885 1520 καὶ
911 1455 1049 1520 Μουσῶν
1073 1440 1197 1545 ἔγγονοι
1221 1441 1391 1516 dicuntur

257 1558 432 1658 Orpheus
466 1578 504 1636 et
533 1563 723 1654 Musaeus,
753 1563 850 1639 Tim.
881 1588 932 1657 40
957 1564 994 1637 D
1018 1567 1048 1641 οἱ
1070 1563 1226 1669 εἰρηκότες
1253 1562 1392 1669 {popon-

255 1685 305 1758 θεν
342 1682 507 1778 generali
537 1685 686 1760 nomine
713 1690 807 1763 θεῶν
836 1686 989 1790 ἐκγόνους
1018 1712 1059 1760 se
1089 1683 1388 1784 appellaverunt:

255 1810 317 1880 θεοὶ
346 1822 471 1879 autem
501 1806 537 1879 hi
566 1807 629 1906 qui
651 1807 797 1900 fuerint,
822 1833 896 1883 non
921 1807 1028 1883 facile
1051 1808 1270 1883 diiudicetur
1293 1807 1389 1899 licet,

257 1942 358 2000 certe
380 1926 526 2002 Lunam
551 1945 589 2003 et
612 1931 743 2004 Musas
761 1930 798 2003 in
813 1957 943 2005 eorum
959 1957 1113 2006 numero
1128 1931 1265 2006 relatas
1278 1930 1391 2005 fuisse
1426 1963 1429 1968 ·

258 2048 307 2122 ab
344 2066 506 2141 auctore,
545 2051 665 2127 minus
701 2069 758 2127 est
793 2053 874 2128 veri
909 2052 1078 2152 similess)
1112 2055 1223 2150 Quae
1260 2054 1391 2128 discre-

257 2170 408 2267 pantiae
435 2198 509 2248 non
538 2174 638 2248 nihili
666 2191 753 2250 sunt
780 2176 979 2273 putandae.
996 2173 1023 2274 ⁸)

310 2293 407 2366 Cum
431 2321 542 2392 porro
566 2296 603 2369 id
623 2297 725 2395 quod
744 2297 847 2372 addit
862 2298 1021 2389 Wnnun,
1038 2298 1085 2372 de
1103 2296 1236 2372 nullius
1254 2308 1392 2396 poetae

257 2414 401 2513 origine
424 2416 550 2492 divina
573 2417 641 2493 nisi
663 2419 804 2518 Orphei
828 2436 867 2495 et
891 2420 1037 2495 Musaei
1061 2420 1288 2495 mentionem
1314 2418 1391 2493 fieri

258 2697 286 2746 in
306 2697 392 2748 denen
411 2696 454 2747 die
473 2695 626 2747 Ausdrllclre
644 2693 671 2742 οἱ
684 2692 789 2744 παλαιοὶ
805 2689 936 2756 imma
954 2691 1011 2744 θοῦν
1026 2691 1150 2750 aleaume
1163 2695 1227 2746 oder
1242 2689 1322 2757 ἔγγὺς
1337 2691 1393 2743 θεῶν

255 2779 385 2844 amorim
409 2801 467 2834 ua
493 2784 724 2850 augenscheinlich
748 2783 873 2835 erweisen
898 2784 992 2851 sollen,
1015 2779 1113 2844 ’όκγονοι
1130 2779 1186 2831 isliu
1204 2783 1242 2834 sei
1261 2783 1288 2834 in
1308 2784 1393 2834 seiner

260 2872 414 2938 Bedeutung
432 2871 489 2921 hier
506 2871 613 2921 ihnlich
630 2871 691 2922 dem
708 2871 815 2926 παλαιός
833 2870 897 2920 oder
915 2867 995 2931 όγγῦς
1012 2868 1095 2918 θεῶν.η

307 2958 334 3026 1)
352 2958 384 3008 ld
393 2958 465 3023 quod
474 2974 553 3023 supra
562 2959 624 3008 satis
634 2959 758 3024 probasse
768 2960 833 3009 mihi
842 2959 941 3009 videor.
951 2959 985 3008 ci.
995 2975 1073 3025 pagg.
1082 2959 1113 3009 16
1117 2969 1131 3023 5
1139 2975 1199 3024 sqq.
1209 2959 1308 3009 Iniuria
1315 2959 1393 3008 Susa·

260 3057 332 3096 mnu
358 3046 411 3096 o.l.
430 3061 491 3111 pag.
517 3046 595 3095 XVII
620 3061 673 3096 rem
698 3046 726 3096 in
749 3048 837 3098 medio
861 3047 1001 3112 relinquit:
1027 3046 1215 3111 „nihilominus
1236 3046 1393 3096 breviarium

260 3132 411 3198 posterioria
435 3133 517 3198 partia
540 3133 669 3198 genuinae
695 3133 871 3198 Orphicorum
894 3133 1064 3198 Theogoniae
1088 3133 1129 3183 his
1149 3132 1236 3183 verbis
1254 3132 1393 3198 contineri,

259 3220 287 3269 in
306 3235 358 3286 qna
377 3226 484 3269 matrem
502 3236 518 3268 a
536 3227 676 3284 personato
695 3219 803 3285 Orpheo
821 3221 872 3271 sibi
891 3221 1048 3270 vindicatam
1064 3236 1120 3269 esse
1137 3219 1274 3284 Calliopen
1291 3219 1394 3269 Musam

259 3313 368 3372 apparet
386 3322 418 3356 ex
437 3306 553 3356 eiusdem
572 3305 688 3356 Platonis
706 3307 776 3357 haud
794 3307 879 3357 minus
898 3307 997 3357 ironice
1015 3306 1094 3356 dictis
1110 3307 1179 3372 Rep.
1194 3307 1229 3356 ΙΙ.
1246 3305 1298 3369 364
1308 3305 1339 3355 E.
1349 3300 1395 3365 βό-

259 3392 324 3453 βλαν
341 3386 369 3439 ll
385 3387 477 3451 ὅμαδον
493 3389 649 3453 παρέχονται
665 3391 794 3440 Μουσαίου
812 3390 855 3439 nai
869 3389 978 3454 Ὀρφέως
991 3388 1095 3448 Σελήνης
1109 3406 1140 3440 τι
1154 3386 1395 3454 καὶΜοοσὸνὶγγό-

259 3490 310 3531 rur,
334 3470 366 3528 lie
388 3477 461 3535 Φαοι,
485 3475 506 3524 si
525 3478 589 3536 Φαοο
607 3474 680 3525 verbi
698 3475 844 3526 subiectum
862 3485 923 3526 sunt
938 3475 1066 3531 Meuaniae
1083 3472 1125 3521 aui
1142 3472 1259 3535 ὀρφιύςε
1275 3476 1316 3525 sin
1332 3491 1394 3525 vero

260 3563 319 3613 talis
342 3571 382 3613 est
405 3563 534 3613 enuntiati
559 3569 695 3622 structura,
719 3569 747 3611 ut
770 3562 901 3613 sententia
925 3564 973 3613 sit:
998 3563 1060 3628 ,qui
1078 3563 1149 3628 libri,
1166 3570 1195 3612 ut
1213 3563 1257 3612 isti
1275 3562 1395 3612 homiues

259 3651 359 3716 dieunt,
374 3649 475 3700 Musaei
488 3655 514 3698 et
524 3648 624 3713 Orphei
634 3663 714 3713 opera
723 3656 784 3698 sunt
794 3649 904 3699 tiliorum
913 3650 1004 3700 Lunae
1014 3657 1040 3700 et
1050 3648 1209 3715 Musamm,''
1219 3646 1324 3699 tamen”
1334 3663 1394 3715 sqq.

305 3739 333 3804 2)
351 3738 423 3787 Inter
440 3737 489 3786 hos
507 3735 571 3785 deos
587 3737 687 3785 Lunam
702 3735 782 3786 luisse
797 3735 893 3786 idcirca
909 3736 961 3785 iam
975 3752 1030 3786 non
1040 3743 1079 3786 est
1089 3735 1321 3802 uerisimile,quod
1330 3736 1395 3785 haec

261 3824 294 3874 ad
312 3820 378 3878 θεοῦς
395 3819 499 3881 deurode
517 3823 641 3889 pertinet,
658 3831 841 3873 enumerantur
860 3831 946 3873 autem
964 3822 1008 3873 hic
1026 3818 1074 3870 irai
1091 3818 1206 3881 ἀόροοοη
1219 3830 1357 3889 praeterea
1373 3823 1396 3873 si

261 3912 294 3961 de
312 3912 364 3960 solo
383 3911 491 3976 Orpheo
510 3925 598 3960 revera
616 3910 710 3975 agitur,
728 3925 781 3958 non
796 3908 873 3959 facile
888 3909 1034 3975 explicatur
1050 3925 1171 3960 uumerus
1186 3910 1307 3975 pluralis:
1324 3903 1398 3969 ίκγό-

261 4012 309 4054 νοις
326 3995 372 4056 μὲν
389 3993 462 4045 itur
479 3988 562 4050 oium
581 4012 640 4046 nam
659 3996 760 4062 Orphei
779 4004 860 4045 mater
875 3996 982 4059 quidem
997 3995 1045 4046 dea
1061 3996 1215 4063 habebatur,
1224 4003 1324 4061 patrem
1333 4012 1395 4047 vero

260 4100 351 4134 omnes
375 4084 429 4134 iere
453 4083 583 4149 Oeagrum
607 4082 687 4132 fuisse
710 4082 824 4147 tradunt,
851 4082 929 4132 etiam
954 4082 1108 4132 Prunanus:
1133 4082 1166 4133 cl.
1192 4082 1304 4132 Gaurrr
1324 4082 1395 4148 apud

259 4172 390 4221 Rosciana
414 4171 468 4221 iv.
488 4169 619 4234 Orpheus,
637 4168 697 4218 coll.
719 4178 796 4233 1073,
818 4180 899 4234 1074,
918 4169 1028 4234 denique
1046 4167 1191 4218 notandum
1209 4174 1257 4235 est,
1275 4183 1323 4218 nec
1344 4169 1394 4218 Lu·

259 4273 329 4323 nam,
346 4272 395 4306 nec
415 4257 504 4307 Musas
522 4256 551 4305 in
571 4255 674 4305 ‘lutam
692 4254 812 4319 catalogo
831 4255 955 4304 inueniri.

304 4344 332 4411 3)
352 4344 471 4409 Accedit,
495 4342 567 4408 quod
590 4343 659 4407 Rep.
686 4341 712 4390 11
740 4341 825 4405 364ss
850 4355 910 4406 sqq.
936 4341 968 4391 de
994 4340 1068 4390 libris
1093 4340 1278 4391 sacrificalibns
1301 4341 1396 4407 agitur,

260 4431 328 4480 Tim.
347 4444 382 4493 40
392 4431 417 4479 D
436 4429 469 4481 de
487 4428 628 4494 theogonia
646 4443 731 4479 sermo
750 4435 797 4478 est.
818 4428 953 4479 Praeterea
970 4443 1030 4479 cum
1047 4428 1116 4494 Rep.
1136 4429 1163 4477 11
1179 4428 1260 4492 364ss
1274 4429 1396 4494 Orpheus

261 4522 293 4566 et
312 4517 468 4566 Musaeus
486 4522 728 4581 commemorentur,
746 4514 797 4579 ipsi
817 4514 941 4564 Wmao
959 4530 1018 4564 cum
1037 4515 1164 4564 Zuuuuao
1180 4515 1313 4581 convenit,
1328 4515 1396 4565 Tim.

261 4603 331 4665 4oD
351 4602 487 4653 Musaeum
506 4618 559 4652 non
578 4602 691 4668 spectari
710 4600 755 4668 [cf.
774 4609 908 4667 praeterea
926 4601 1018 4667 Kunu,
1036 4601 1078 4651 De
1092 4601 1178 4666 Orph.
1194 4601 1280 4667 Epiro.
1291 4601 1396 4652 Pherec.

263 4689 350 4756 theog.
369 4705 429 4755 pag.
448 4689 507 4757 42]:
526 4690 610 4740 solum
629 4689 763 4755 Orpheum
782 4689 932 4755 significari,
951 4696 1008 4738 uter
1025 4704 1076 4753 que
1094 4695 1178 4754 putat.
