<?xml version="1.0" encoding="UTF-8"?>
<!DOCTYPE html PUBLIC "-//W3C//DTD XHTML 1.0 Transitional//EN"
    "http://www.w3.org/TR/xhtml1/DTD/xhtml1-transitional.dtd">
<html xmlns="http://www.w3.org/1999/xhtml" xml:lang="en" lang="en">
 <head>
  <title>
</title>
<meta http-equiv="Content-Type" content="text/html;charset=utf-8" />
  <meta name='ocr-system' content='tesseract 3.04.00' />
  <meta name='ocr-capabilities' content='ocr_page ocr_carea ocr_par ocr_line ocrx_word'/>
</head>
<body>
  <div class='ocr_page' id='page_1' title='image "./deplatonepraeso02woltgoog_0151.png"; bbox 0 0 3717 5575; ppageno 0'>
   <div class='ocr_carea' id='block_1_1' title="bbox 816 651 883 723">
    <p class='ocr_par' dir='ltr' id='par_1_1' title="bbox 816 651 883 723">
     <span class='ocr_line' id='line_1_1' title="bbox 816 651 883 723; baseline -0.015 0"><span class='ocrx_word' id='word_1_1' title='bbox 816 651 883 723; x_wconf 84' lang='grc' dir='ltr'>Ι35</span> 
     </span>
    </p>
   </div>
   <div class='ocr_carea' id='block_1_2' title="bbox 281 823 1416 2506">
    <p class='ocr_par' dir='ltr' id='par_1_2' title="bbox 281 823 1416 2506">
     <span class='ocr_line' id='line_1_2' title="bbox 342 823 1414 925; baseline -0.001 -29"><span class='ocrx_word' id='word_1_2' title='bbox 342 847 375 917; x_wconf 84' lang='lat'>3.</span> <span class='ocrx_word' id='word_1_3' title='bbox 407 824 529 897; x_wconf 89' lang='lat' dir='ltr'>Locos</span> <span class='ocrx_word' id='word_1_4' title='bbox 566 824 635 899; x_wconf 91' lang='lat' dir='ltr'>hos</span> <span class='ocrx_word' id='word_1_5' title='bbox 666 871 718 881; x_wconf 93' lang='lat'>—-</span> <span class='ocrx_word' id='word_1_6' title='bbox 747 853 842 925; x_wconf 93' lang='lat' dir='ltr'>quos</span> <span class='ocrx_word' id='word_1_7' title='bbox 878 826 926 900; x_wconf 91' lang='lat' dir='ltr'>de</span> <span class='ocrx_word' id='word_1_8' title='bbox 963 825 1139 900; x_wconf 91' lang='lat' dir='ltr'>industria</span> <span class='ocrx_word' id='word_1_9' title='bbox 1177 824 1248 897; x_wconf 89' lang='lat' dir='ltr'>hoc</span> <span class='ocrx_word' id='word_1_10' title='bbox 1285 823 1414 897; x_wconf 86' lang='lat' dir='ltr'>ordine</span> 
     </span>
     <span class='ocr_line' id='line_1_3' title="bbox 285 942 1413 1046; baseline -0.002 -27"><span class='ocrx_word' id='word_1_11' title='bbox 285 947 498 1020; x_wconf 84' lang='lat' dir='ltr'>enumeravi</span> <span class='ocrx_word' id='word_1_12' title='bbox 527 991 578 1002; x_wconf 94' lang='lat'><strong>—</strong></span> <span class='ocrx_word' id='word_1_13' title='bbox 607 949 669 1045; x_wconf 94' lang='lat' dir='ltr'>qui</span> <span class='ocrx_word' id='word_1_14' title='bbox 697 948 810 1046; x_wconf 92' lang='lat' dir='ltr'>paulo</span> <span class='ocrx_word' id='word_1_15' title='bbox 837 949 1043 1023; x_wconf 88' lang='lat' dir='ltr'>accuratius</span> <span class='ocrx_word' id='word_1_16' title='bbox 1072 944 1282 1044; x_wconf 86' lang='lat' dir='ltr'>inspexerit,</span> <span class='ocrx_word' id='word_1_17' title='bbox 1307 942 1413 1018; x_wconf 84' lang='lat' dir='ltr'>facile</span> 
     </span>
     <span class='ocr_line' id='line_1_4' title="bbox 285 1064 1410 1168; baseline -0.001 -29"><span class='ocrx_word' id='word_1_18' title='bbox 285 1067 425 1141; x_wconf 89' lang='lat' dir='ltr'>videbit</span> <span class='ocrx_word' id='word_1_19' title='bbox 463 1067 576 1142; x_wconf 93' lang='lat' dir='ltr'>dividi</span> <span class='ocrx_word' id='word_1_20' title='bbox 611 1095 722 1167; x_wconf 90' lang='lat' dir='ltr'>posse</span> <span class='ocrx_word' id='word_1_21' title='bbox 748 1071 784 1143; x_wconf 96' lang='lat' dir='ltr'>in</span> <span class='ocrx_word' id='word_1_22' title='bbox 813 1086 939 1168; x_wconf 90' lang='lat' dir='ltr'>partes</span> <span class='ocrx_word' id='word_1_23' title='bbox 966 1070 1071 1159; x_wconf 76' lang='lat' dir='ltr'>duaS,</span> <span class='ocrx_word' id='word_1_24' title='bbox 1101 1092 1263 1165; x_wconf 90' lang='lat' dir='ltr'>quarum</span> <span class='ocrx_word' id='word_1_25' title='bbox 1292 1064 1410 1139; x_wconf 95' lang='lat' dir='ltr'>altera</span> 
     </span>
     <span class='ocr_line' id='line_1_5' title="bbox 283 1185 1413 1289; baseline -0.003 -27"><span class='ocrx_word' id='word_1_26' title='bbox 283 1189 331 1262; x_wconf 98' lang='lat' dir='ltr'>ad</span> <span class='ocrx_word' id='word_1_27' title='bbox 367 1188 531 1263; x_wconf 80' lang='lat' dir='ltr'>fabulam</span> <span class='ocrx_word' id='word_1_28' title='bbox 568 1207 721 1288; x_wconf 86' lang='lat' dir='ltr'>spectet,</span> <span class='ocrx_word' id='word_1_29' title='bbox 759 1193 808 1265; x_wconf 94' lang='lat' dir='ltr'>ad</span> <span class='ocrx_word' id='word_1_30' title='bbox 836 1191 1110 1289; x_wconf 89' lang='lat' dir='ltr'>philosophiam</span> <span class='ocrx_word' id='word_1_31' title='bbox 1139 1188 1266 1263; x_wconf 89' lang='lat' dir='ltr'>altera.</span> <span class='ocrx_word' id='word_1_32' title='bbox 1298 1185 1413 1281; x_wconf 84' lang='lat' dir='ltr'>Quod</span> 
     </span>
     <span class='ocr_line' id='line_1_6' title="bbox 284 1310 1410 1410; baseline -0.003 -27"><span class='ocrx_word' id='word_1_33' title='bbox 284 1311 345 1407; x_wconf 91' lang='lat' dir='ltr'>qui</span> <span class='ocrx_word' id='word_1_34' title='bbox 368 1310 585 1409; x_wconf 84' lang='lat' dir='ltr'>neglegunt,</span> <span class='ocrx_word' id='word_1_35' title='bbox 610 1313 672 1386; x_wconf 86' lang='lat' dir='ltr'>vix</span> <span class='ocrx_word' id='word_1_36' title='bbox 695 1314 783 1410; x_wconf 95' lang='lat' dir='ltr'>quid</span> <span class='ocrx_word' id='word_1_37' title='bbox 807 1314 855 1387; x_wconf 95' lang='lat' dir='ltr'>de</span> <span class='ocrx_word' id='word_1_38' title='bbox 878 1313 940 1387; x_wconf 90' lang='lat' dir='ltr'>Or</span> <span class='ocrx_word' id='word_1_39' title='bbox 948 1313 1098 1410; x_wconf 89' lang='lat' dir='ltr'>phicis</span> <span class='ocrx_word' id='word_1_40' title='bbox 1121 1311 1257 1384; x_wconf 92' lang='lat' dir='ltr'>iudicet</span> <span class='ocrx_word' id='word_1_41' title='bbox 1272 1310 1410 1398; x_wconf 67' lang='lat' dir='ltr'>Pmro,</span> 
     </span>
     <span class='ocr_line' id='line_1_7' title="bbox 281 1434 1411 1532; baseline -0.003 -26"><span class='ocrx_word' id='word_1_42' title='bbox 281 1448 382 1506; x_wconf 88' lang='lat' dir='ltr'>recte</span> <span class='ocrx_word' id='word_1_43' title='bbox 410 1434 606 1507; x_wconf 90' lang='lat' dir='ltr'>aestimare</span> <span class='ocrx_word' id='word_1_44' title='bbox 635 1460 745 1532; x_wconf 88' lang='lat' dir='ltr'>posse</span> <span class='ocrx_word' id='word_1_45' title='bbox 773 1435 861 1509; x_wconf 92' lang='lat' dir='ltr'>mihi</span> <span class='ocrx_word' id='word_1_46' title='bbox 888 1435 1071 1509; x_wconf 89' lang='lat' dir='ltr'>videntur.</span> <span class='ocrx_word' id='word_1_47' title='bbox 1102 1434 1321 1507; x_wconf 90' lang='lat' dir='ltr'>Priores-</span> <span class='ocrx_word' id='word_1_48' title='bbox 1344 1455 1411 1504; x_wconf 89' lang='lat' dir='ltr'>eos</span> 
     </span>
     <span class='ocr_line' id='line_1_8' title="bbox 281 1552 1410 1654; baseline -0.001 -28"><span class='ocrx_word' id='word_1_49' title='bbox 281 1553 363 1627; x_wconf 92' lang='lat' dir='ltr'>dico</span> <span class='ocrx_word' id='word_1_50' title='bbox 399 1555 462 1651; x_wconf 92' lang='lat' dir='ltr'>qui</span> <span class='ocrx_word' id='word_1_51' title='bbox 498 1555 545 1629; x_wconf 96' lang='lat' dir='ltr'>de</span> <span class='ocrx_word' id='word_1_52' title='bbox 581 1555 750 1631; x_wconf 83' lang='lat' dir='ltr'>sabuloso</span> <span class='ocrx_word' id='word_1_53' title='bbox 785 1556 846 1631; x_wconf 94' lang='lat' dir='ltr'>illo</span> <span class='ocrx_word' id='word_1_54' title='bbox 881 1573 971 1631; x_wconf 93' lang='lat' dir='ltr'>vate</span> <span class='ocrx_word' id='word_1_55' title='bbox 1005 1572 1203 1654; x_wconf 87' lang='lat' dir='ltr'>agunt-</span> <span class='ocrx_word' id='word_1_56' title='bbox 1231 1554 1281 1627; x_wconf 95' lang='lat' dir='ltr'>ab</span> <span class='ocrx_word' id='word_1_57' title='bbox 1310 1552 1410 1626; x_wconf 93' lang='lat' dir='ltr'>omni</span> 
     </span>
     <span class='ocr_line' id='line_1_9' title="bbox 283 1675 1410 1776; baseline -0.001 -28"><span class='ocrx_word' id='word_1_58' title='bbox 283 1675 518 1774; x_wconf 87' lang='lat' dir='ltr'>philosophia</span> <span class='ocrx_word' id='word_1_59' title='bbox 540 1693 625 1751; x_wconf 89' lang='lat' dir='ltr'>sunt</span> <span class='ocrx_word' id='word_1_60' title='bbox 639 1680 771 1753; x_wconf 93' lang='lat' dir='ltr'>remoti</span> <span class='ocrx_word' id='word_1_61' title='bbox 786 1679 946 1776; x_wconf 92' lang='lat' dir='ltr'>ideoque</span> <span class='ocrx_word' id='word_1_62' title='bbox 961 1679 996 1751; x_wconf 94' lang='lat' dir='ltr'>in</span> <span class='ocrx_word' id='word_1_63' title='bbox 1011 1679 1107 1752; x_wconf 93' lang='lat' dir='ltr'>hanc</span> <span class='ocrx_word' id='word_1_64' title='bbox 1122 1676 1410 1774; x_wconf 89' lang='lat' dir='ltr'>disputationem</span> 
     </span>
     <span class='ocr_line' id='line_1_10' title="bbox 283 1795 1411 1897; baseline -0.001 -26"><span class='ocrx_word' id='word_1_65' title='bbox 283 1799 387 1895; x_wconf 86' lang='lat' dir='ltr'>parvi</span> <span class='ocrx_word' id='word_1_66' title='bbox 425 1801 613 1874; x_wconf 88' lang='lat' dir='ltr'>momenti.</span> <span class='ocrx_word' id='word_1_67' title='bbox 654 1801 749 1874; x_wconf 85' lang='lat' dir='ltr'>Cum</span> <span class='ocrx_word' id='word_1_68' title='bbox 786 1827 877 1875; x_wconf 90' lang='lat' dir='ltr'>vero</span> <span class='ocrx_word' id='word_1_69' title='bbox 905 1816 1026 1874; x_wconf 92' lang='lat' dir='ltr'>utram</span> <span class='ocrx_word' id='word_1_70' title='bbox 1056 1800 1105 1874; x_wconf 92' lang='lat' dir='ltr'>ad</span> <span class='ocrx_word' id='word_1_71' title='bbox 1133 1814 1278 1897; x_wconf 90' lang='lat' dir='ltr'>partem</span> <span class='ocrx_word' id='word_1_72' title='bbox 1305 1795 1411 1894; x_wconf 90' lang='lat' dir='ltr'>perti-</span> 
     </span>
     <span class='ocr_line' id='line_1_11' title="bbox 283 1919 1416 2018; baseline -0.002 -26"><span class='ocrx_word' id='word_1_73' title='bbox 283 1936 407 2008; x_wconf 90' lang='lat' dir='ltr'>neant,</span> <span class='ocrx_word' id='word_1_74' title='bbox 447 1945 520 1994; x_wconf 91' lang='lat' dir='ltr'>non</span> <span class='ocrx_word' id='word_1_75' title='bbox 557 1923 605 1995; x_wconf 92' lang='lat' dir='ltr'>de</span> <span class='ocrx_word' id='word_1_76' title='bbox 633 1923 804 1996; x_wconf 91' lang='lat' dir='ltr'>omnibus</span> <span class='ocrx_word' id='word_1_77' title='bbox 832 1923 888 1995; x_wconf 91' lang='lat' dir='ltr'>his</span> <span class='ocrx_word' id='word_1_78' title='bbox 915 1938 1072 2011; x_wconf 89' lang='lat' dir='ltr'>constet,</span> <span class='ocrx_word' id='word_1_79' title='bbox 1102 1921 1263 2018; x_wconf 92' lang='lat' dir='ltr'>ideoque</span> <span class='ocrx_word' id='word_1_80' title='bbox 1290 1919 1416 2016; x_wconf 89' lang='lat' dir='ltr'>ipsum</span> 
     </span>
     <span class='ocr_line' id='line_1_12' title="bbox 284 2040 1412 2140; baseline -0.002 -26"><span class='ocrx_word' id='word_1_81' title='bbox 284 2042 354 2115; x_wconf 92' lang='lat' dir='ltr'>hoc</span> <span class='ocrx_word' id='word_1_82' title='bbox 391 2043 548 2139; x_wconf 94' lang='lat' dir='ltr'>primum</span> <span class='ocrx_word' id='word_1_83' title='bbox 587 2060 798 2140; x_wconf 85' lang='lat' dir='ltr'>quaeratur,</span> <span class='ocrx_word' id='word_1_84' title='bbox 836 2043 906 2117; x_wconf 92' lang='lat' dir='ltr'>utri</span> <span class='ocrx_word' id='word_1_85' title='bbox 944 2044 1040 2140; x_wconf 86' lang='lat' dir='ltr'>parti</span> <span class='ocrx_word' id='word_1_86' title='bbox 1075 2042 1179 2116; x_wconf 89' lang='lat' dir='ltr'>locus</span> <span class='ocrx_word' id='word_1_87' title='bbox 1206 2040 1338 2139; x_wconf 91' lang='lat' dir='ltr'>aliquis</span> <span class='ocrx_word' id='word_1_88' title='bbox 1365 2040 1412 2112; x_wconf 90' lang='lat' dir='ltr'>sit</span> 
     </span>
     <span class='ocr_line' id='line_1_13' title="bbox 282 2159 1411 2266; baseline -0.002 -31"><span class='ocrx_word' id='word_1_89' title='bbox 282 2164 527 2255; x_wconf 89' lang='lat' dir='ltr'>subiciendus,</span> <span class='ocrx_word' id='word_1_90' title='bbox 553 2164 692 2238; x_wconf 90' lang='lat' dir='ltr'>necilli</span> <span class='ocrx_word' id='word_1_91' title='bbox 716 2165 860 2240; x_wconf 91' lang='lat' dir='ltr'>silentio</span> <span class='ocrx_word' id='word_1_92' title='bbox 885 2164 1146 2262; x_wconf 90' lang='lat' dir='ltr'>praetereundi</span> <span class='ocrx_word' id='word_1_93' title='bbox 1164 2178 1265 2266; x_wconf 88' lang='lat' dir='ltr'>sunt,</span> <span class='ocrx_word' id='word_1_94' title='bbox 1276 2162 1324 2234; x_wconf 95' lang='lat' dir='ltr'>de</span> <span class='ocrx_word' id='word_1_95' title='bbox 1343 2159 1411 2233; x_wconf 90' lang='lat' dir='ltr'>Or·</span> 
     </span>
     <span class='ocr_line' id='line_1_14' title="bbox 283 2283 1412 2385; baseline -0.002 -29"><span class='ocrx_word' id='word_1_96' title='bbox 283 2285 399 2382; x_wconf 90' lang='lat' dir='ltr'>phicis</span> <span class='ocrx_word' id='word_1_97' title='bbox 420 2284 547 2359; x_wconf 89' lang='lat' dir='ltr'>dicturi</span> <span class='ocrx_word' id='word_1_98' title='bbox 572 2286 694 2360; x_wconf 84' lang='lat' dir='ltr'>lacere</span> <span class='ocrx_word' id='word_1_99' title='bbox 718 2312 791 2361; x_wconf 94' lang='lat' dir='ltr'>non</span> <span class='ocrx_word' id='word_1_100' title='bbox 816 2313 1015 2385; x_wconf 87' lang='lat' dir='ltr'>possumus</span> <span class='ocrx_word' id='word_1_101' title='bbox 1038 2286 1125 2383; x_wconf 92' lang='lat' dir='ltr'>quin</span> <span class='ocrx_word' id='word_1_102' title='bbox 1150 2284 1249 2381; x_wconf 90' lang='lat' dir='ltr'>prius</span> <span class='ocrx_word' id='word_1_103' title='bbox 1268 2284 1316 2356; x_wconf 93' lang='lat' dir='ltr'>de</span> <span class='ocrx_word' id='word_1_104' title='bbox 1331 2283 1412 2379; x_wconf 90' lang='lat' dir='ltr'>ipso</span> 
     </span>
     <span class='ocr_line' id='line_1_15' title="bbox 285 2406 1409 2506; baseline -0.001 -27"><span class='ocrx_word' id='word_1_105' title='bbox 285 2406 441 2505; x_wconf 93' lang='lat' dir='ltr'>Orpheo</span> <span class='ocrx_word' id='word_1_106' title='bbox 475 2433 650 2505; x_wconf 87' lang='lat' dir='ltr'>agamus:</span> <span class='ocrx_word' id='word_1_107' title='bbox 687 2410 813 2506; x_wconf 91' lang='lat' dir='ltr'>itaque</span> <span class='ocrx_word' id='word_1_108' title='bbox 840 2410 888 2483; x_wconf 93' lang='lat' dir='ltr'>de</span> <span class='ocrx_word' id='word_1_109' title='bbox 917 2410 991 2482; x_wconf 93' lang='lat' dir='ltr'>hoc</span> <span class='ocrx_word' id='word_1_110' title='bbox 1018 2408 1118 2504; x_wconf 91' lang='lat' dir='ltr'>prior</span> <span class='ocrx_word' id='word_1_111' title='bbox 1145 2423 1202 2480; x_wconf 89' lang='lat' dir='ltr'>est</span> <span class='ocrx_word' id='word_1_112' title='bbox 1229 2406 1409 2503; x_wconf 87' lang='lat' dir='ltr'>quaestio.</span> 
     </span>
    </p>
   </div>
   <div class='ocr_carea' id='block_1_3' title="bbox 673 2974 1022 3026">
    <p class='ocr_par' dir='ltr' id='par_1_3' title="bbox 673 2974 1022 3026">
     <span class='ocr_line' id='line_1_16' title="bbox 673 2974 1022 3026; baseline -0.009 0"><span class='ocrx_word' id='word_1_113' title='bbox 673 2978 705 3026; x_wconf 79' lang='lat' dir='ltr'>A.</span> <span class='ocrx_word' id='word_1_114' title='bbox 734 2977 791 3026; x_wconf 79' lang='lat' dir='ltr'>DE</span> <span class='ocrx_word' id='word_1_115' title='bbox 819 2974 1022 3026; x_wconf 88' lang='lat' dir='ltr'>ORPHEO.</span> 
     </span>
    </p>
   </div>
   <div class='ocr_carea' id='block_1_4' title="bbox 281 3148 1411 3617">
    <p class='ocr_par' dir='ltr' id='par_1_4' title="bbox 281 3148 1411 3617">
     <span class='ocr_line' id='line_1_17' title="bbox 334 3148 1409 3252; baseline -0.007 -24"><span class='ocrx_word' id='word_1_116' title='bbox 334 3179 369 3246; x_wconf 88' lang='lat'>4.</span> <span class='ocrx_word' id='word_1_117' title='bbox 414 3154 523 3228; x_wconf 90' lang='lat' dir='ltr'>Primi</span> <span class='ocrx_word' id='word_1_118' title='bbox 559 3153 629 3228; x_wconf 92' lang='lat' dir='ltr'>loci</span> <span class='ocrx_word' id='word_1_119' title='bbox 666 3155 753 3252; x_wconf 93' lang='lat' dir='ltr'>quin</span> <span class='ocrx_word' id='word_1_120' title='bbox 791 3155 840 3227; x_wconf 89' lang='lat' dir='ltr'>ad</span> <span class='ocrx_word' id='word_1_121' title='bbox 878 3154 998 3251; x_wconf 90' lang='lat' dir='ltr'>ipsum</span> <span class='ocrx_word' id='word_1_122' title='bbox 1032 3150 1213 3224; x_wconf 81' lang='lat' dir='ltr'>referendi</span> <span class='ocrx_word' id='word_1_123' title='bbox 1242 3149 1314 3222; x_wconf 93' lang='lat' dir='ltr'>sint</span> <span class='ocrx_word' id='word_1_124' title='bbox 1341 3148 1409 3221; x_wconf 93' lang='lat' dir='ltr'>Or·</span> 
     </span>
     <span class='ocr_line' id='line_1_18' title="bbox 282 3271 1408 3372; baseline -0.004 -25"><span class='ocrx_word' id='word_1_125' title='bbox 282 3275 432 3372; x_wconf 91' lang='lat' dir='ltr'>pheum,</span> <span class='ocrx_word' id='word_1_126' title='bbox 470 3277 531 3349; x_wconf 86' lang='lat' dir='ltr'>vix</span> <span class='ocrx_word' id='word_1_127' title='bbox 567 3276 680 3349; x_wconf 92' lang='lat' dir='ltr'>dubia</span> <span class='ocrx_word' id='word_1_128' title='bbox 717 3291 880 3349; x_wconf 90' lang='lat' dir='ltr'>movent.</span> <span class='ocrx_word' id='word_1_129' title='bbox 920 3273 1135 3370; x_wconf 87' lang='lat' dir='ltr'>Sympos.</span> <span class='ocrx_word' id='word_1_130' title='bbox 1180 3271 1297 3365; x_wconf 90' lang='lat' dir='ltr'>179B</span> <span class='ocrx_word' id='word_1_131' title='bbox 1325 3295 1408 3367; x_wconf 90' lang='lat' dir='ltr'>sqq.</span> 
     </span>
     <span class='ocr_line' id='line_1_19' title="bbox 281 3392 1410 3495; baseline -0.004 -26"><span class='ocrx_word' id='word_1_132' title='bbox 281 3398 482 3472; x_wconf 75' lang='lat' dir='ltr'>Punnonus</span> <span class='ocrx_word' id='word_1_133' title='bbox 522 3442 572 3453; x_wconf 96' lang='lat'>—</span> <span class='ocrx_word' id='word_1_134' title='bbox 615 3398 712 3471; x_wconf 92' lang='lat' dir='ltr'>idem</span> <span class='ocrx_word' id='word_1_135' title='bbox 762 3422 784 3470; x_wconf 92' lang='lat' dir='ltr'>a</span> <span class='ocrx_word' id='word_1_136' title='bbox 829 3422 905 3495; x_wconf 92' lang='lat' dir='ltr'>quo</span> <span class='ocrx_word' id='word_1_137' title='bbox 953 3394 1125 3492; x_wconf 85' lang='lat' dir='ltr'>dialogus</span> <span class='ocrx_word' id='word_1_138' title='bbox 1172 3392 1232 3466; x_wconf 95' lang='lat' dir='ltr'>ille</span> <span class='ocrx_word' id='word_1_139' title='bbox 1273 3416 1410 3466; x_wconf 92' lang='lat' dir='ltr'>nomen</span> 
     </span>
     <span class='ocr_line' id='line_1_20' title="bbox 281 3513 1411 3617; baseline -0.005 -25"><span class='ocrx_word' id='word_1_140' title='bbox 281 3520 395 3593; x_wconf 92' lang='lat' dir='ltr'>habet</span> <span class='ocrx_word' id='word_1_141' title='bbox 405 3517 431 3617; x_wconf 86' lang='lat'>¹)</span> <span class='ocrx_word' id='word_1_142' title='bbox 458 3565 522 3611; x_wconf 93' lang='lat'>-,</span> <span class='ocrx_word' id='word_1_143' title='bbox 552 3521 688 3594; x_wconf 91' lang='lat' dir='ltr'>amoris</span> <span class='ocrx_word' id='word_1_144' title='bbox 716 3519 929 3593; x_wconf 89' lang='lat' dir='ltr'>describens</span> <span class='ocrx_word' id='word_1_145' title='bbox 952 3518 1027 3591; x_wconf 93' lang='lat' dir='ltr'>vim</span> <span class='ocrx_word' id='word_1_146' title='bbox 1052 3517 1086 3589; x_wconf 95' lang='lat' dir='ltr'>in</span> <span class='ocrx_word' id='word_1_147' title='bbox 1102 3515 1220 3590; x_wconf 89' lang='lat' dir='ltr'>altera</span> <span class='ocrx_word' id='word_1_148' title='bbox 1234 3513 1411 3589; x_wconf 89' lang='lat' dir='ltr'>orationis</span> 
     </span>
    </p>
   </div>
   <div class='ocr_carea' id='block_1_5' title="bbox 282 3635 1410 3867">
    <p class='ocr_par' dir='ltr' id='par_1_5' title="bbox 282 3635 1410 3867">
     <span class='ocr_line' id='line_1_21' title="bbox 282 3635 1410 3740; baseline -0.004 -24"><span class='ocrx_word' id='word_1_149' title='bbox 282 3658 401 3740; x_wconf 91' lang='lat' dir='ltr'>parte,</span> <span class='ocrx_word' id='word_1_150' title='bbox 430 3668 505 3740; x_wconf 92' lang='lat' dir='ltr'>qua</span> <span class='ocrx_word' id='word_1_151' title='bbox 529 3643 725 3717; x_wconf 87' lang='lat' dir='ltr'>ostendere</span> <span class='ocrx_word' id='word_1_152' title='bbox 749 3656 916 3730; x_wconf 88' lang='lat' dir='ltr'>conatur,</span> <span class='ocrx_word' id='word_1_153' title='bbox 944 3640 1126 3712; x_wconf 86' lang='lat' dir='ltr'>Amorem</span> <span class='ocrx_word' id='word_1_154' title='bbox 1150 3644 1307 3740; x_wconf 69' lang='grc' dir='ltr'>μεγίστων</span> <span class='ocrx_word' id='word_1_155' title='bbox 1322 3635 1410 3738; x_wconf 70' lang='grc' dir='ltr'><strong><em>ἄγα-</em></strong></span> 
     </span>
     <span class='ocr_line' id='line_1_22' title="bbox 282 3757 1410 3867; baseline -0.009 -27"><span class='ocrx_word' id='word_1_156' title='bbox 282 3769 344 3840; x_wconf 74' lang='grc' dir='ltr'>θων</span> <span class='ocrx_word' id='word_1_157' title='bbox 380 3770 460 3867; x_wconf 67' lang='grc' dir='ltr'>ἡμῖν</span> <span class='ocrx_word' id='word_1_158' title='bbox 498 3775 598 3843; x_wconf 82' lang='grc' dir='ltr'><strong><em>αἴτιον</em></strong></span> <span class='ocrx_word' id='word_1_159' title='bbox 628 3795 722 3865; x_wconf 74' lang='lat' dir='ltr'>rrum,</span> <span class='ocrx_word' id='word_1_160' title='bbox 758 3788 843 3836; x_wconf 91' lang='lat' dir='ltr'>eum</span> <span class='ocrx_word' id='word_1_161' title='bbox 881 3759 1001 3835; x_wconf 90' lang='lat' dir='ltr'>solum</span> <span class='ocrx_word' id='word_1_162' title='bbox 1039 3760 1213 3832; x_wconf 88' lang='lat' dir='ltr'>inducere</span> <span class='ocrx_word' id='word_1_163' title='bbox 1241 3757 1410 3830; x_wconf 89' lang='lat' dir='ltr'>homines</span> 
     </span>
    </p>
   </div>
   <div class='ocr_carea' id='block_1_6' title="bbox 279 3878 1411 4469">
    <p class='ocr_par' dir='ltr' id='par_1_6' title="bbox 279 3878 1411 4469">
     <span class='ocr_line' id='line_1_23' title="bbox 283 3878 1408 3983; baseline -0.005 -26"><span class='ocrx_word' id='word_1_164' title='bbox 283 3885 379 3974; x_wconf 87' lang='lat' dir='ltr'>dicit,</span> <span class='ocrx_word' id='word_1_165' title='bbox 413 3903 453 3958; x_wconf 94' lang='lat' dir='ltr'>ut</span> <span class='ocrx_word' id='word_1_166' title='bbox 480 3911 548 3983; x_wconf 90' lang='lat' dir='ltr'>pro</span> <span class='ocrx_word' id='word_1_167' title='bbox 577 3884 656 3958; x_wconf 89' lang='lat' dir='ltr'>aliis</span> <span class='ocrx_word' id='word_1_168' title='bbox 684 3900 842 3957; x_wconf 91' lang='lat' dir='ltr'>mortem</span> <span class='ocrx_word' id='word_1_169' title='bbox 870 3883 1022 3972; x_wconf 93' lang='lat' dir='ltr'>obeant,</span> <span class='ocrx_word' id='word_1_170' title='bbox 1051 3905 1126 3954; x_wconf 91' lang='lat' dir='ltr'>non</span> <span class='ocrx_word' id='word_1_171' title='bbox 1155 3879 1269 3952; x_wconf 93' lang='lat' dir='ltr'>modo</span> <span class='ocrx_word' id='word_1_172' title='bbox 1297 3878 1408 3966; x_wconf 86' lang='lat' dir='ltr'>viros,</span> 
     </span>
     <span class='ocr_line' id='line_1_24' title="bbox 281 4000 1409 4108; baseline -0.003 -29"><span class='ocrx_word' id='word_1_173' title='bbox 281 4007 348 4081; x_wconf 90' lang='lat' dir='ltr'>sed</span> <span class='ocrx_word' id='word_1_174' title='bbox 384 4008 495 4081; x_wconf 91' lang='lat' dir='ltr'>etiam</span> <span class='ocrx_word' id='word_1_175' title='bbox 529 4006 718 4080; x_wconf 91' lang='lat' dir='ltr'>mulieres:</span> <span class='ocrx_word' id='word_1_176' title='bbox 750 4013 813 4082; x_wconf 82' lang='grc' dir='ltr'>Καὶ</span> <span class='ocrx_word' id='word_1_177' title='bbox 839 4005 907 4108; x_wconf 74' lang='grc' dir='ltr'>μὴν</span> <span class='ocrx_word' id='word_1_178' title='bbox 936 4003 1225 4108; x_wconf 66' lang='grc' dir='ltr'>ὑπεραποθνῄσκειν</span> <span class='ocrx_word' id='word_1_179' title='bbox 1252 4032 1288 4104; x_wconf 70' lang='grc' dir='ltr'>γε</span> <span class='ocrx_word' id='word_1_180' title='bbox 1315 4000 1409 4103; x_wconf 78' lang='grc' dir='ltr'>μόνοι</span> 
     </span>
     <span class='ocr_line' id='line_1_25' title="bbox 279 4117 1411 4230; baseline -0.006 -24"><span class='ocrx_word' id='word_1_181' title='bbox 279 4132 442 4207; x_wconf 78' lang='grc' dir='ltr'>ἐθέλουσιν</span> <span class='ocrx_word' id='word_1_182' title='bbox 480 4133 510 4206; x_wconf 81' lang='grc' dir='ltr'>οἱ</span> <span class='ocrx_word' id='word_1_183' title='bbox 545 4131 687 4230; x_wconf 58' lang='grc' dir='ltr'>ἐρῶντες,</span> <span class='ocrx_word' id='word_1_184' title='bbox 722 4123 758 4203; x_wconf 69' lang='grc' dir='ltr'>οὐ</span> <span class='ocrx_word' id='word_1_185' title='bbox 794 4127 895 4229; x_wconf 77' lang='grc' dir='ltr'>μόνον</span> <span class='ocrx_word' id='word_1_186' title='bbox 933 4124 979 4201; x_wconf 77' lang='grc' dir='ltr'>ἔτι</span> <span class='ocrx_word' id='word_1_187' title='bbox 1014 4119 1144 4227; x_wconf 74' lang='grc' dir='ltr'>ἄνδρες,</span> <span class='ocrx_word' id='word_1_188' title='bbox 1172 4117 1261 4199; x_wconf 70' lang='grc' dir='ltr'>ἀλλὰ</span> <span class='ocrx_word' id='word_1_189' title='bbox 1289 4128 1345 4198; x_wconf 80' lang='grc' dir='ltr'>καὶ</span> <span class='ocrx_word' id='word_1_190' title='bbox 1375 4125 1411 4199; x_wconf 89' lang='grc' dir='ltr'>αἱ</span> 
     </span>
     <span class='ocr_line' id='line_1_26' title="bbox 282 4243 1410 4354; baseline -0.012 -25"><span class='ocrx_word' id='word_1_191' title='bbox 282 4261 446 4354; x_wconf 79' lang='grc' dir='ltr'><strong><em>γυναῖκες.</em></strong></span> <span class='ocrx_word' id='word_1_192' title='bbox 474 4250 706 4324; x_wconf 86' lang='lat' dir='ltr'>Testimonio</span> <span class='ocrx_word' id='word_1_193' title='bbox 729 4273 812 4322; x_wconf 85' lang='lat' dir='ltr'>esse</span> <span class='ocrx_word' id='word_1_194' title='bbox 833 4245 1072 4321; x_wconf 89' lang='lat' dir='ltr'>clarissimum</span> <span class='ocrx_word' id='word_1_195' title='bbox 1097 4244 1184 4318; x_wconf 95' lang='lat' dir='ltr'>illud</span> <span class='ocrx_word' id='word_1_196' title='bbox 1210 4243 1410 4318; x_wconf 87' lang='lat' dir='ltr'>Alcestidis</span> 
     </span>
     <span class='ocr_line' id='line_1_27' title="bbox 284 4366 1411 4469; baseline -0.006 -24"><span class='ocrx_word' id='word_1_197' title='bbox 284 4373 407 4447; x_wconf 90' lang='lat' dir='ltr'>Peliae</span> <span class='ocrx_word' id='word_1_198' title='bbox 431 4372 529 4446; x_wconf 89' lang='lat' dir='ltr'>filiae</span> <span class='ocrx_word' id='word_1_199' title='bbox 552 4370 776 4469; x_wconf 88' lang='lat' dir='ltr'>exemplum,</span> <span class='ocrx_word' id='word_1_200' title='bbox 801 4395 899 4466; x_wconf 91' lang='lat' dir='ltr'>quae</span> <span class='ocrx_word' id='word_1_201' title='bbox 920 4368 1002 4442; x_wconf 89' lang='lat' dir='ltr'>sola</span> <span class='ocrx_word' id='word_1_202' title='bbox 1025 4366 1236 4441; x_wconf 90' lang='lat' dir='ltr'>sustinuerit</span> <span class='ocrx_word' id='word_1_203' title='bbox 1260 4392 1328 4463; x_wconf 90' lang='lat' dir='ltr'>pro</span> <span class='ocrx_word' id='word_1_204' title='bbox 1342 4391 1411 4438; x_wconf 89' lang='lat' dir='ltr'>suo</span> 
     </span>
    </p>
   </div>
   <div class='ocr_carea' id='block_1_7' title="bbox 286 4553 471 4565">
    <p class='ocr_par' dir='ltr' id='par_1_7' title="bbox 286 4553 471 4565">
     <span class='ocr_line' id='line_1_28' title="bbox 286 4553 471 4565; baseline 0 -3"><span class='ocrx_word' id='word_1_205' title='bbox 286 4553 471 4565; x_wconf 62' lang='grc' dir='ltr'>μ...-</span> 
     </span>
    </p>
   </div>
   <div class='ocr_carea' id='block_1_8' title="bbox 334 4662 1310 4739">
    <p class='ocr_par' dir='ltr' id='par_1_8' title="bbox 334 4662 1310 4739">
     <span class='ocr_line' id='line_1_29' title="bbox 334 4662 1310 4739; baseline -0.009 -18"><span class='ocrx_word' id='word_1_206' title='bbox 334 4671 360 4739; x_wconf 92' lang='lat'>1)</span> <span class='ocrx_word' id='word_1_207' title='bbox 379 4672 454 4738; x_wconf 81' lang='lat' dir='ltr'>Huc,</span> <span class='ocrx_word' id='word_1_208' title='bbox 472 4670 578 4722; x_wconf 78' lang='lat' dir='ltr'>Platoris</span> <span class='ocrx_word' id='word_1_209' title='bbox 596 4668 763 4734; x_wconf 81' lang='lat' dir='ltr'>Symposion,</span> <span class='ocrx_word' id='word_1_210' title='bbox 780 4666 897 4731; x_wconf 83' lang='lat' dir='ltr'>Leipzig.</span> <span class='ocrx_word' id='word_1_211' title='bbox 915 4666 1047 4731; x_wconf 83' lang='lat' dir='ltr'>Teubner,</span> <span class='ocrx_word' id='word_1_212' title='bbox 1068 4662 1144 4730; x_wconf 80' lang='lat'>1876,</span> <span class='ocrx_word' id='word_1_213' title='bbox 1161 4679 1221 4730; x_wconf 76' lang='lat' dir='ltr'>pag.</span> <span class='ocrx_word' id='word_1_214' title='bbox 1240 4662 1310 4712; x_wconf 81' lang='lat' dir='ltr'>XLI.</span> 
     </span>
    </p>
   </div>
   <div class='ocr_carea' id='block_1_9' title="bbox 0 0 1864 5575">
    <p class='ocr_par' dir='ltr' id='par_1_9' title="bbox 0 0 1864 5575">
     <span class='ocr_line' id='line_1_30' title="bbox 0 0 1864 5575; baseline 0 1"><span class='ocrx_word' id='word_1_215' title='bbox 0 0 1864 5575; x_wconf 95' lang='lat' dir='ltr'> </span> 
     </span>
    </p>
   </div>
  </div>
 </body>
</html>
