3717 5575
856 670 904 740 39

370 842 520 917 Deinde
548 868 640 918 vero
668 844 762 918 haec
790 844 973 918 tenenda:

371 961 420 1038 2⁰.
452 965 505 1039 Ut
542 991 589 1040 ne
626 966 834 1041 reiiciantur
870 991 929 1058 ea,
959 991 1059 1064 quae
1086 967 1224 1041 tradita
1251 982 1348 1059 sunt,
1379 967 1446 1040 nisi

314 1085 408 1161 salsa
434 1113 517 1162 esse
546 1087 703 1162 dilucide
731 1090 778 1163 sit
805 1086 1152 1188 demonstratum.¹)

370 1206 416 1304 3⁰.
448 1211 501 1285 Ut
524 1211 801 1309 proficiscamur
814 1212 864 1285 ab
879 1213 921 1286 iis
936 1211 1038 1304 locis,
1054 1213 1115 1287 ubi
1130 1212 1242 1310 ipsius
1257 1211 1446 1285 PLnTole

312 1334 448 1430 exponi
465 1334 679 1432 opinionem
695 1333 806 1432 plane
821 1350 979 1427 constet,
996 1351 1035 1410 et
1050 1334 1193 1409 nonnisi
1209 1335 1265 1407 his
1279 1334 1447 1408 tractatis

312 1455 362 1529 ad
389 1456 502 1530 dubia
530 1457 734 1531 veniamus.

364 1574 413 1670 4⁰.
447 1579 543 1652 Item
572 1595 612 1652 ut
640 1578 916 1677 proficiscamur
944 1579 993 1653 ab
1021 1579 1063 1652 iis
1090 1577 1191 1670 locis,
1221 1579 1354 1677 quibus
1377 1578 1444 1651 iro-

315 1699 414 1773 niam
455 1716 520 1774 aut
562 1701 682 1774 inesse
726 1716 791 1775 aut
832 1725 906 1775 non
949 1700 1071 1775 inesse
1118 1701 1236 1799 probe
1272 1701 1442 1775 sciamus.

368 1818 415 1917 5⁰.
446 1823 501 1897 Ut
528 1848 575 1897 ne
604 1848 650 1897 ex
678 1821 831 1921 singulis
858 1822 1013 1897 vocibus
1039 1821 1262 1921 philosophi,
1292 1822 1441 1896 minime

312 1968 403 2018 vero
442 1945 582 2037 Pmm,
620 1960 845 2043 spectentur,
881 1945 949 2019 sed
977 1970 1023 2019 ex
1052 1945 1299 2044 perpetuitate
1327 1959 1442 2043 atque

310 2067 529 2141 constantia.

366 2187 414 2265 6⁰.
446 2190 500 2264 Ut
536 2215 583 2265 ne
620 2192 845 2265 recentiores
873 2191 1045 2266 notiones
1072 2206 1241 2265 veterum
1269 2187 1443 2263 doctrinis

313 2312 559 2387 subiiciantur.

370 2431 416 2530 7⁰.
446 2435 621 2534 Denique
654 2452 695 2511 ut
718 2462 766 2511 ne
789 2452 931 2511 temere
954 2437 1164 2511 Pnnronun
1187 2461 1234 2509 ex
1252 2432 1443 2533 superiori·

312 2557 382 2630 bus
418 2558 586 2633 hausisse
622 2573 687 2633 aut
720 2559 832 2633 etiam
869 2559 918 2633 de
948 2558 1198 2658 superioribus
1225 2558 1348 2631 dicere
1370 2571 1442 2629 sta·

312 2695 447 2754 tuatur.

368 2804 409 2876 ln
438 2818 520 2878 tota
548 2804 768 2903 quaestione
796 2820 921 2879 autem
946 2804 1104 2903 primum
1130 2803 1328 2902 quaeritur,
1354 2801 1442 2899 quid

311 2952 358 3001 ex
372 2927 603 3025 superiorum
617 2927 923 3026 philosophorum
939 2928 1113 3026 operibus
1127 2927 1254 3002 laudet
1264 2926 1392 2999 Penio
1402 2939 1440 2998 et

310 3049 398 3147 quid
431 3050 479 3124 de
507 3050 563 3122 his
593 3050 745 3144 iudicet,
774 3051 909 3125 deinde
936 3051 1107 3125 iudicium
1136 3052 1207 3125 hoc
1234 3047 1440 3123 accuratius

310 3186 368 3244 est
390 3170 649 3269 explicandum
672 3189 710 3247 et
732 3198 779 3247 ex
802 3173 955 3248 historia
977 3171 1254 3263 illustrandum,
1279 3170 1440 3267 denique

314 3293 401 3389 quid
451 3294 499 3367 de
549 3294 682 3369 iudicio
724 3294 888 3370 Platonis
928 3319 1158 3386 censeamus,
1201 3292 1440 3367 statuendum

312 3429 380 3488 est.
420 3413 485 3488 Ad
522 3415 594 3490 hoc
628 3432 754 3491 tamen
792 3442 945 3509 moneo,
982 3432 1128 3491 tantum
1165 3415 1194 3489 si
1223 3415 1350 3489 Pnnuo
1377 3432 1443 3488 aut

358 3658 444 3727 1)Ci.
468 3662 613 3727 Wonma,
636 3660 690 3710 o.l.
714 3677 774 3727 pag.
803 3673 850 3710 10:
878 3660 1084 3727 „grondslag
1110 3659 1168 3711 der
1194 3659 1324 3710 kritiek
1351 3660 1379 3710 is
1403 3660 1441 3710 de

310 3747 634 3798 betrouwbaarheid
653 3747 708 3797 der
725 3745 991 3813 overlevering.'’

357 3848 417 3900 pag.
436 3844 483 3899 25:
505 3835 579 3899 „Van
598 3833 766 3900 opzettelijke
785 3834 967 3899 vervalsching
984 3849 1018 3884 en
1036 3834 1137 3899 bedrog
1152 3834 1190 3883 als
1205 3833 1313 3883 oonaak
1327 3833 1374 3884 der
1387 3848 1443 3883 ver·

261 3924 279 3940 ‘
312 3920 457 3971 schillende
474 3921 595 3987 lezingen
613 3920 641 3970 in
658 3920 855 3971 handschriiten
873 3937 923 3971 van
942 3920 1071 3970 hetzelfde
1087 3921 1157 3970 werk
1172 3936 1232 3985 mag
1246 3920 1295 3970 dus
1303 3920 1337 3970 de
1346 3918 1442 3969 kritiek

313 4007 369 4057 niet
390 4007 429 4057 als
452 4006 640 4073 onderstelling
662 4007 783 4073 uitgaan3
807 4007 839 4057 de
859 4006 930 4073 regel
948 4006 980 4073 is,
998 4007 1042 4056 dat
1060 4006 1093 4056 de
1112 4006 1280 4072 arwijkingen
1299 4022 1333 4056 en
1350 4006 1441 4056 fouten

312 4093 377 4143 door
394 4095 546 4145 onbewuste
564 4093 705 4158 afdwaling
724 4110 773 4144 van
792 4109 844 4159 oog
863 4109 896 4144 en
914 4109 961 4143 oor
979 4093 1030 4158 zijn
1048 4092 1196 4143 ontstaau.‘’

320 4178 324 4189 '
355 4196 415 4246 pag.
434 4192 483 4244 30:
503 4180 564 4245 „dat
581 4181 680 4231 het...
696 4180 730 4230 de
746 4180 830 4246 plicht
846 4196 897 4230 van
913 4180 965 4231 den
978 4180 1115 4246 philoloog
1124 4180 1147 4229 is
1155 4195 1198 4229 om
1207 4179 1264 4229 zich
1273 4189 1341 4229 eerst
1350 4179 1442 4244 geheel

313 4283 362 4317 aon
382 4267 414 4317 de
432 4266 612 4333 overlevering
631 4282 693 4316 over
711 4275 736 4317 te
754 4283 848 4334 geven,
865 4283 898 4317 en
918 4268 984 4318 door
1001 4266 1044 4317 die
1060 4281 1188 4331 overgave
1203 4266 1266 4316 haar
1281 4273 1306 4315 te
1316 4273 1445 4332 verstaan,

315 4359 355 4403 tot
379 4352 442 4403 haar
466 4352 624 4417 eigenlijken
649 4354 691 4403 zin
715 4369 748 4403 en
766 4352 909 4417 bedoeling
926 4353 991 4403 door
1009 4360 1035 4403 te
1053 4351 1174 4417 dringen,
1191 4352 1236 4401 dat
1255 4352 1301 4402 het
1318 4351 1379 4401 hem
1395 4351 1445 4400 dus

317 4440 373 4490 niet
395 4446 454 4505 past
479 4456 529 4489 nan
547 4440 613 4504 zijne
632 4439 790 4504 subjectieve
809 4441 949 4506 opvatting
968 4439 1019 4490 den
1038 4439 1126 4504 teugel
1144 4446 1170 4488 te
1187 4438 1291 4503 vieren3
1310 4454 1358 4487 aun
1377 4437 1445 4502 zijne

316 4526 546 4591 vindingrijkheid
570 4542 604 4577 en
628 4527 732 4577 vernuft
756 4527 802 4592 vrij
827 4527 885 4593 spel
908 4535 935 4576 te
952 4527 1033 4592 laten,
1050 4541 1120 4575 maar
1138 4525 1194 4574 dat
1211 4524 1253 4589 hij
1272 4524 1385 4574 alleeu
1405 4539 1446 4588 op

313 4628 393 4663 zeer
418 4620 530 4679 vaste,
552 4612 583 4678 ja
600 4614 813 4665 onwrikbare
830 4614 984 4680 grondeu
1002 4629 1064 4663 ven
1083 4612 1164 4662 haar
1181 4626 1250 4675 mag
1267 4611 1449 4676 aswijken.”

327 4699 444 4751 Omnino
463 4699 525 4751 artis
543 4701 656 4767 criticae,
674 4716 739 4767 quas
757 4716 851 4767 sequor
869 4700 991 4767 rationes,
1008 4700 1058 4750 hoc
1076 4714 1155 4766 opere
1173 4698 1346 4750 continentur.
