3717 5575
885 675 928 751 71

343 878 453 927 versa
480 852 715 951 philosophia
744 869 800 928 est
828 854 1038 948 dicendum,
1067 857 1097 930 si
1125 855 1258 931 latiore
1285 882 1396 932 sensu
1424 860 1474 932 in-

343 974 539 1075 tellegitur,
555 973 582 1075 l)
624 992 703 1050 tum
746 977 907 1052 maxime
945 979 992 1053 de
1028 980 1187 1078 antequa
1224 978 1474 1079 philosophia,

341 1098 442 1172 cuius
469 1099 526 1172 vis
553 1123 686 1173 revera
713 1098 891 1174 latissime
918 1099 1080 1199 patet')

369 1218 551 1319 Antiqua,
580 1246 678 1319 quae
707 1237 788 1296 erat
811 1239 900 1298 ante
924 1223 1212 1316 Anisroratuu,
1236 1224 1475 1323 philosophia

340 1343 506 1416 nondum
543 1358 624 1418 erat
656 1369 714 1434 ea,
743 1343 893 1442 qualem
923 1370 992 1419 nos
1019 1344 1296 1444 philosophiam
1324 1349 1474 1445 proprie
1583 1383 1586 1390 >

340 1466 477 1540 dictam
505 1467 811 1564 interpretamur:
842 1469 958 1542 mixta
981 1486 1063 1544 erat
1082 1468 1216 1561 multia,
1232 1495 1330 1568 quae
1346 1485 1473 1545 nostro

341 1588 473 1662 iudicio
508 1590 557 1663 ad
592 1588 867 1688 philosophiam
903 1615 978 1664 non
1008 1592 1204 1688 pertinent.
1221 1588 1249 1689 8)
1279 1592 1316 1664 Α
1345 1591 1474 1690 populi

343 1712 576 1808 opinionibus
618 1713 821 1810 antiquitus
860 1714 1022 1810 acceptis
1064 1714 1230 1812 prosecta
1271 1729 1363 1806 erat,
1407 1739 1476 1788 nec

342 1834 468 1908 statim
504 1834 594 1907 satis
622 1849 703 1908 erat
731 1834 837 1909 firma
866 1850 906 1910 ut
933 1861 1085 1932 prorsus
1112 1835 1162 1910 ab
1189 1836 1233 1909 iis
1259 1834 1406 1910 solvere
1433 1861 1475 1912 se

341 1972 487 2054 posset:
518 1956 685 2030 nondum
707 1973 925 2032 assueverat
949 1959 1074 2032 animo
1098 1958 1246 2052 videre,
1272 1959 1322 2032 ad
1346 1945 1474 2032 oculos

341 2077 498 2177 plurima
524 2079 721 2154 referebat.

395 2201 594 2276 Praeterea
630 2227 722 2276 vero
751 2201 938 2301 permulta
966 2218 1063 2294 sunt,
1093 2227 1191 2300 quae
1219 2203 1371 2277 omnino
1400 2228 1476 2278 non

342 2324 409 2398 nisi
435 2330 580 2428 μυθικῶς
607 2369 659 2380 -
686 2327 733 2398 sit
760 2326 870 2400 venia
897 2327 1015 2400 verbo
1046 2370 1097 2381 -
1128 2325 1197 2399 dici
1228 2340 1379 2423 queunt.
1406 2326 1477 2399 lta-

343 2474 416 2545 que
439 2449 508 2522 etsi
533 2473 607 2522 non
631 2474 754 2524 omnes
772 2449 921 2547 mythos
937 2449 986 2523 ad
1001 2446 1275 2546 philosophiam
1291 2449 1476 2546 pertinere

344 2723 421 2773 latins
446 2731 533 2789 patere
558 2729 623 2790 puto
648 2737 725 2790 quam
750 2721 927 2787 mythologiae
951 2722 1086 2789 religionis
1109 2722 1171 2773 ritu.
1197 2723 1304 2791 Optime
1328 2739 1396 2792 quae
1420 2726 1478 2777 roci

344 2811 405 2861 huic
423 2811 541 2861 subiecta
558 2811 591 2860 sit
606 2812 690 2876 notio,
706 2810 813 2860 definire
827 2810 891 2860 mihi
908 2810 1009 2861 videtur
1025 2810 1228 2877 cutvmusssle,
1238 2813 1371 2879 Religion.
1381 2813 1477 2864 Christ.

343 2899 457 2948 institut.
480 2906 555 2963 1559.
574 2898 633 2948 Lib.
652 2898 664 2946 1
682 2913 740 2962 cap.
760 2910 785 2962 2,
804 2898 822 2947 i.
832 2898 864 2946 s.:
886 2898 943 2961 „En
964 2898 1028 2963 quid
1046 2899 1080 2948 sit
1099 2914 1164 2964 pura
1179 2914 1353 2965 germanaque
1369 2900 1475 2967 religi03

343 3000 437 3051 nempe
465 2984 528 3034 fides
552 2998 610 3034 cum
638 2984 705 3033 serio
730 2983 782 3033 Dei
808 2985 900 3034 timore
924 2985 1075 3050 coniuncta3
1101 2991 1129 3034 ut
1153 2985 1231 3035 timor
1254 2994 1280 3035 et
1304 2986 1476 3036 voluntariam

342 3072 511 3122 reverentiam
530 3072 557 3121 in
573 3088 601 3121 se
617 3072 760 3138 contineat,
775 3077 801 3120 et
816 3087 903 3122 secum
919 3071 1003 3122 trahat
1017 3072 1163 3136 legitimum
1177 3072 1275 3122 cultum
1285 3072 1371 3138 qualis
1380 3072 1475 3138 inlege

340 3157 549 3224 praescribitur.”

386 3245 465 3308 Quod
483 3244 516 3295 ad
534 3244 678 3294 subiectum
698 3243 776 3309 igitur
793 3243 1000 3311 fundamentum,
1020 3252 1048 3293 ut
1066 3245 1103 3294 ita
1121 3244 1215 3311 dicam,
1232 3250 1272 3295 est
1290 3244 1369 3312 fides3
1385 3260 1416 3295 ex
1433 3244 1476 3295 dei

340 3333 474 3382 maiestate
498 3340 524 3382 et
549 3332 668 3397 potentia
691 3330 810 3381 oriuntur
826 3332 905 3381 timor
922 3338 949 3381 et
967 3331 1121 3398 reverentis,
1139 3332 1219 3399 unde,
1237 3332 1309 3397 quod
1329 3331 1363 3382 ad
1380 3337 1475 3400 actam,

341 3419 369 3470 fit
384 3420 477 3471 cultus.

385 3506 471 3571 Mythi
501 3514 587 3555 autem
614 3504 732 3555 oriuntur
756 3521 787 3555 ex
812 3521 889 3555 sensu
913 3504 1068 3571 divinitatis,
1093 3511 1186 3555 natura
1211 3504 1362 3555 hominibus
1387 3505 1477 3571 insito,

343 3607 395 3658 qno
419 3594 500 3643 utitur
524 3592 671 3657 phantasia,
692 3598 722 3642 nt
746 3607 777 3641 ea
801 3607 869 3657 quae
893 3592 942 3641 sub
963 3606 1054 3642 sensus
1072 3608 1127 3642 non
1145 3590 1251 3658 cadunt,
1269 3590 1389 3642 sensibus
1407 3600 1476 3642 com·

342 3680 487 3746 prehendat
506 3688 532 3729 et
549 3679 652 3729 reserat.

387 3769 479 3833 ltaque
497 3767 605 3816 omnino
623 3783 678 3816 non
693 3773 753 3816 sunt
766 3766 883 3817 eiusdem
898 3765 1001 3831 generis
1015 3764 1108 3830 religio
1124 3772 1150 3815 et
1165 3765 1334 3831 mythologie.
1351 3764 1391 3815 Cf.
1403 3780 1476 3831 prae·

344 3860 413 3905 terea
429 3856 461 3904 A.
477 3854 603 3919 KtJvPER,
618 3852 829 3919 Encyclopaedie
845 3853 891 3902 der
903 3852 1002 3917 heilige
1018 3852 1254 3918 Godgeleerdheid,
1264 3853 1300 3918 11,
1311 3852 1388 3918 1894,
1397 3869 1475 3919 pagg.

342 3956 393 4006 249
411 3956 480 4008 sqq.;
499 3942 535 3991 H.
554 3941 690 4007 anmcx,
708 3940 920 3990 Gereionneerde
939 3939 1108 4006 Dogmatielr,
1122 3940 1145 4005 1,
1163 3938 1240 4005 1895,
1253 3955 1331 4005 pagg.
1350 3951 1396 4002 171
1414 3955 1475 4005 sqq.

387 4026 414 4093 r)
432 4027 472 4078 Ci.
492 4028 616 4077 theu
635 4028 688 4077 0.1.
707 4043 767 4092 pag.
783 4040 799 4076 2
814 4041 888 4092 sqq:
899 4026 1069 4092 Philosophie
1080 4027 1129 4090 „ist
1140 4026 1176 4075 im
1185 4025 1383 4091 allgemeinsten
1394 4025 1475 4075 Sinne

341 4115 386 4165 des
402 4115 506 4165 Wortes
522 4114 608 4164 nichts
624 4114 742 4180 anderes,
756 4113 795 4164 als
810 4113 857 4163 der
871 4121 936 4164 stets
948 4112 1117 4164 wlederholte
1133 4113 1260 4178 Versuch,
1275 4112 1329 4163 ein
1347 4112 1476 4163 Ganzes

341 4217 403 4251 ron
429 4200 702 4266 Vorstellungen
727 4200 793 4250 und
813 4198 996 4250 Gedanlren
1014 4200 1096 4249 iiber
1114 4198 1251 4249 Gestnlt
1270 4198 1336 4248 und
1353 4200 1476 4249 Zusam·

342 4289 523 4354 rnenhsng,
557 4288 638 4338 tiber
670 4287 754 4338 Sinu
788 4286 856 4337 und
882 4286 1085 4351 Bedeutung
1111 4285 1199 4336 aller
1226 4286 1338 4352 Dioge
1365 4301 1401 4336 sn
1428 4301 1477 4352 ge·

342 4373 504 4425 winnen.”

386 4462 414 4527 2)
433 4461 576 4526 conum,
590 4460 643 4510 o.l.
658 4460 681 4525 1,
697 4476 757 4525 pag.
772 4473 838 4522 420:
857 4459 1101 4525 ,Philosophie
1116 4475 1170 4509 war
1185 4472 1238 4509 ron
1253 4458 1328 4509 Hans
1343 4474 1389 4509 aus
1404 4459 1478 4510 Uni·

342 4546 716 4613 versalwissenschait,
738 4546 793 4597 und
818 4562 885 4597 rwar
907 4548 944 4596 im
970 4547 1051 4597 Sinne
1069 4545 1116 4596 des
1134 4546 1278 4596 Altertums
1296 4546 1335 4596 als
1353 4546 1413 4596 eine
1432 4545 1478 4595 das

342 4636 434 4685 Leben
452 4633 567 4684 leitende
585 4633 640 4683 und
659 4633 849 4683 bestimmende
868 4632 984 4684 Macht.”

389 4720 419 4789 3)
438 4719 479 4770 Cf.
498 4720 633 4770 Goursnz
650 4717 689 4768 l.1.
