3717 5575
802 732 873 800 149

271 897 505 975 dulcedinem
530 903 565 975 in
590 905 775 1001 proverbii
800 907 1104 980 consuetudinem
1120 906 1267 979 venisse
1281 920 1402 977 osten·

270 1021 383 1113 dant3
414 1025 565 1098 iniuria
593 1043 719 1100 autem
748 1028 969 1127 impugnare
993 1027 1208 1118 Wnunun,
1232 1051 1331 1124 quae
1354 1050 1401 1099 ex

269 1142 454 1219 Louucxu
483 1147 606 1221 verbis
635 1175 747 1247 supra
770 1150 892 1225 allatis
902 1147 929 1248 ¹)
953 1147 1120 1248 efficit')3
1146 1149 1296 1223 iniuria
1311 1174 1400 1246 quo·

274 1294 349 1365 que
378 1284 553 1343 excutere
581 1295 628 1343 ex
652 1272 775 1346 verbis
800 1274 999 1364 ΡιΑτοΝιε,
1016 1297 1113 1371 quae
1127 1287 1300 1346 excutere
1315 1295 1400 1344 eum

265 1416 378 1489 supra
406 1390 575 1466 vidimus.

322 1514 495 1611 Denique
531 1513 672 1613 reliqua
701 1516 861 1590 Wuuutu
889 1534 1111 1617 argumenta
1141 1517 1260 1590 minus
1288 1517 1400 1590 etiam

265 1635 395 1710 valere
438 1636 524 1709 mihi
567 1638 751 1713 videntur.
796 1639 896 1713 Nam
938 1642 1041 1738 quod
1078 1639 1141 1738 agi
1178 1639 1226 1713 de
1263 1643 1400 1739 ἱεροῖς

264 1762 490 1862 ποιήμασι
515 1759 613 1851 dicit,
638 1761 756 1858 primo
781 1764 975 1860 perpensis
997 1764 1039 1836 iis
1060 1787 1159 1859 quae
1177 1788 1290 1859 supra
1313 1759 1399 1835 alla·

267 1898 308 1955 ta
345 1897 442 1973 sunt,
481 1883 632 1957 omnino
670 1909 745 1957 non
778 1885 929 1959 obstare
956 1886 1028 1958 hoc
1057 1886 1253 1983 quominus
1281 1886 1332 1959 ita
1360 1901 1401 1958 ut

267 2003 426 2080 indicavi
455 2003 657 2102 explicetur
684 2005 799 2098 locus,
827 2008 863 2080 in
888 2008 1015 2104 aprico
1038 2008 1110 2081 iam
1135 2009 1223 2082 erit:
1248 2007 1297 2082 de
1310 2009 1399 2093 τοιῆ·
1422 1995 1424 2000 ’

268 2159 372 2231 μασιν
400 2128 523 2225 agitur
551 2153 654 2218 sane,
682 2130 750 2203 sed
773 2128 821 2202 de
844 2132 1022 2233 ποιήμασιν
1046 2131 1239 2222 canendi53
1264 2129 1400 2203 deinde

267 2265 395 2323 autem
424 2274 498 2321 non
527 2249 576 2324 de
602 2251 693 2324 solis
719 2255 855 2354 ἱεροῖς
882 2254 1041 2355 ποιήμασι
1068 2276 1279 2325 sermonem
1303 2275 1401 2353 esse,

270 2371 494 2468 conspicitur
529 2397 576 2446 ex
613 2372 655 2445 iis
691 2397 790 2470 quae
826 2391 1048 2471 sequuntur:
1078 2370 1154 2451 ἀλλ’
1181 2374 1244 2452 ὅσα
1271 2405 1303 2451 τε
1332 2383 1401 2478 ῖερα

266 2493 414 2599 κριθέντα
441 2495 611 2596 ποιήματα
638 2494 734 2584 ἐδόθη
763 2504 829 2588 τοῖς
856 2501 937 2587 θεοῖς
960 2503 1034 2574 καὶ
1057 2496 1138 2574 ὅσα
1164 2495 1299 2599 ἀγαθῶν
1323 2493 1402 2573 ὅντα

270 2616 399 2720 ἀνδρῶν
427 2615 622 2720 ψέγοντα
649 2616 670 2699 ἢ
700 2615 972 2695 ἐπαινοῦντά
995 2649 1122 2709 τινας
1145 2619 1253 2721 ἐκρίθη
1268 2623 1401 2721 μετρίως

266 2742 352 2845 δρᾶν
374 2739 410 2816 τὲ
432 2746 572 2817 τοιοῦτον
596 2745 705 2818 κτλ..
721 2739 920 2814 Praeterea
936 2739 1130 2838 Orpheum
1146 2764 1297 2839 quoque
1311 2739 1400 2814 ceci·

268 2864 366 2937 nisse
395 2858 461 2968 ἱερὰ
485 2863 668 2964 ποιήματα,
692 2862 714 2936 i.
731 2887 764 2936 e.
789 2863 955 2936 carmina
978 2863 1015 2936 in
1038 2864 1220 2937 honorem
1245 2864 1399 2936 deorum

270 3001 431 3076 cantata,
461 2986 573 3059 fuisse
597 2985 632 3058 in
658 2982 794 3075 sabula,
819 2985 910 3058 satis
934 3000 1092 3083 apparet
1115 3011 1162 3059 ex
1186 2985 1400 3058 Arouuoun

269 3108 364 3201 loco,
394 3133 507 3206 quem
534 3132 647 3204 supra
675 3104 919 3182 laudavimus.

323 3231 457 3305 Restat
477 3246 518 3304 ut
538 3232 586 3305 de
607 3231 710 3303 vocis
729 3255 827 3327 quae
843 3245 901 3303 est
915 3226 1016 3333 ὕμνος
1030 3230 1066 3303 νὶ
1081 3230 1213 3305 dicam.
1231 3231 1287 3304 Ea
1303 3257 1402 3329 quae

268 3353 316 3427 de
353 3353 423 3427 hac
459 3352 567 3426 affert
606 3351 762 3442 WEBER,
801 3378 914 3449 supra
952 3352 1024 3425 iam
1060 3349 1274 3448 tractavi;⁸)
1303 3378 1401 3451 quae

268 3476 379 3550 etiarn
409 3476 438 3548 si
462 3475 763 3548 demonstrarent
788 3475 1000 3572 quicquam,
1017 3474 1078 3548 vix
1092 3490 1220 3548 tamen
1236 3476 1307 3549 huc
1322 3501 1402 3573 per·

267 3598 446 3672 tinerent:
473 3622 559 3670 mea
583 3597 733 3694 quidem
749 3596 925 3694 opinione
942 3622 1017 3669 non
1032 3595 1127 3687 licet,
1144 3597 1398 3671 definitionem

268 3721 430 3819 aliquam
458 3719 608 3795 aliunde
631 3736 819 3818 sumptam
841 3735 984 3794 temere
1007 3720 1056 3793 ad
1079 3721 1176 3793 hunc
1200 3719 1321 3795 locum
1338 3721 1401 3795 ad·

268 3845 407 3934 hibere,
424 3870 506 3917 cum
524 3843 740 3941 praesertim
755 3842 921 3916 definitio
937 3843 1030 3916 haec
1045 3886 1096 3897 -
1107 3843 1138 3916 si
1148 3841 1400 3918 definitionem

269 4072 415 4139 Thamyris]
441 4072 547 4137 gelesen
572 4087 602 4120 zu
626 4070 723 4136 huben,
747 4069 813 4119 auch
837 4069 1009 4120 Herakleides
1031 4069 1118 4137 nicht3
1135 4069 1209 4121 Plato
1231 4071 1330 4137 spricht
1348 4086 1400 4121 von

269 4160 414 4210 Gedichten
440 4159 486 4208 des
504 4157 640 4222 Thamyris
658 4155 720 4221 (lon
740 4166 789 4222 533
809 4157 830 4205 B
849 4172 874 4205 u.
895 4153 938 4225 C),
955 4157 1017 4206 eber
1035 4157 1082 4206 wir
1099 4157 1193 4207 nissen
1212 4157 1295 4223 nicht,
1311 4159 1346 4206 ob
1363 4159 1402 4208 sie

266 4247 314 4296 ruit
340 4248 392 4297 den
420 4245 548 4296 ebenlalls
576 4259 627 4294 von
651 4243 705 4293 ihm
730 4251 879 4308 genannten
905 4242 1029 4307 Hyrnuen
1054 4244 1128 4310 (legg.
1154 4241 1206 4307 829
1215 4243 1251 4311 E)
1274 4243 1403 4294 identisch

266 4333 319 4383 und
338 4332 433 4382 mithin
453 4347 504 4381 von
523 4331 569 4380 der
586 4328 730 4395 Theologie
749 4329 918 4379 verschieden
937 4328 1050 4380 waren.'’

312 4419 477 4487 1)Cl.pag.
500 4431 558 4481 144.

311 4507 339 4571 a)
358 4505 400 4555 Cl.
416 4521 476 4570 pag.
495 4513 554 4571 145,
568 4504 627 4555 adn.
647 4516 669 4552 1.
686 4502 916 4570 Efficit,inquam;
926 4519 1022 4569 nempe
1032 4503 1091 4569 ipsa
1100 4504 1163 4554 hoec
1173 4505 1337 4554 Lonucxnm
1347 4519 1401 4553 nou

268 4593 354 4642 dicere
373 4607 431 4642 cum
449 4608 481 4641 ex
500 4591 586 4641 verbis
604 4589 642 4640 eis
660 4605 739 4654 supra
756 4589 867 4639 laudatis
883 4597 1003 4656 apparet,
1019 4598 1072 4640 tum
1088 4590 1166 4640 etiam
1176 4590 1291 4640 iudicare
1302 4589 1404 4639 videtur

269 4679 375 4728 Wsunn
385 4694 449 4727 voce
457 4693 523 4744 quae
531 4684 570 4727 est
579 4674 676 4741 „also‘’:
685 4676 768 4740 „habe
775 4675 831 4724 hier
838 4676 892 4725 also
898 4676 951 4725 deu
959 4676 992 4726 Ο.
1000 4676 1108 4726 nichtso
1114 4676 1173 4726 sehr
1178 4676 1218 4726 als
1225 4674 1350 4726 Dichter'’
1357 4692 1406 4741 qs.

313 4765 341 4832 3)
360 4781 436 4831 naue·
459 4775 505 4829 145
518 4780 576 4829 suq-
