3717 5575
1011 661 1083 748 196

476 876 601 950 agam.
618 848 645 949 ¹)
678 852 810 926 Iurene
846 852 940 926 haec
972 854 1020 927 de
1051 853 1224 927 Hastono
1251 853 1406 950 eiusque
1432 849 1610 924 similibus

477 972 664 1048 dicuntur?
688 973 855 1074 Negavit
874 974 1077 1050 Znnnnaus
1094 972 1121 1074 ⁹)
1137 975 1280 1049 Contra
1294 1000 1429 1073 rogare
1444 999 1608 1071 possum,

476 1121 614 1172 numne
638 1097 778 1172 maiore
801 1097 878 1172 iure
906 1098 955 1172 ad
984 1098 1178 1197 Orpheum
1206 1098 1430 1172 reserantur:
1459 1120 1507 1170 ea
1535 1095 1609 1193 qui·

476 1218 561 1292 dem
586 1244 684 1317 quae
707 1220 755 1294 de
777 1220 848 1294 hac
868 1246 908 1295 re
928 1221 1052 1295 scribit
1067 1217 1311 1318 Susrmm‘),
1328 1244 1430 1294 mera
1446 1219 1609 1292 nituntur

474 1342 695 1432 coniectura,
725 1368 807 1415 cum
838 1344 934 1439 Rep.
965 1342 999 1414 ΙΙ
1032 1348 1107 1437 364
1131 1342 1163 1414 E
1187 1343 1299 1416 aliam
1323 1366 1514 1416 occurrere
1538 1340 1607 1414 loci

474 1465 657 1539 rationem
682 1490 750 1538 nec
773 1465 822 1538 ibi
845 1497 921 1568 paor
945 1464 1049 1538 verbi
1071 1465 1277 1540 subiectum
1301 1491 1385 1540 esse
1409 1464 1606 1538 Musaeum

474 1603 512 1661 et
550 1588 744 1685 Orpheum
783 1587 896 1661 fusius
933 1612 1046 1686 supra
1081 1588 1129 1661 sit
1162 1589 1371 1687 probatum.
1409 1588 1606 1662 Praeterea

520 1848 546 1916 ι)
564 1848 643 1898 Haud
662 1848 717 1898 scio
736 1856 821 1897 utrum
840 1863 870 1896 ea
889 1862 956 1911 quae
976 1847 1065 1897 scribit
1086 1848 1184 1897 Geo‘rs
1199 1865 1223 1898 o.
1234 1849 1252 1899 l.
1269 1864 1328 1914 pag.
1346 1848 1408 1898 260:
1428 1848 1549 1913 ,Among
1563 1846 1606 1896 the

473 1935 546 1985 Gods
564 1935 620 1985 said
639 1943 666 1985 to
685 1935 717 1984 be
736 1933 884 1984 descended
902 1933 969 1983 from
989 1934 1089 1984 Uranus
1104 1935 1157 1985 and
1172 1936 1252 2002 Gaea,
1267 1952 1334 1986 were
1349 1935 1385 1985 all
1400 1935 1474 1985 those
1484 1942 1511 1984 to
1522 1934 1605 1983 whom

474 2023 564 2088 public
589 2021 702 2088 worship
727 2037 780 2072 was
805 2021 867 2087 paid
889 2021 917 2070 in
937 2022 1045 2087 Greece,
1063 2050 1099 2060 -
1117 2032 1145 2072 to
1165 2023 1250 2073 whom
1269 2023 1313 2073 the
1331 2023 1497 2088 genealogies
1516 2021 1547 2070 oi
1561 2021 1605 2071 the

471 2109 560 2160 heroic
584 2110 637 2159 and
660 2109 750 2159 sacred
775 2108 884 2158 lamiiies
912 2123 980 2158 were
1005 2110 1101 2174 traced,
1124 2109 1212 2177 sqq.'‘,
1235 2110 1269 2160 ad
1294 2112 1372 2160 verba
1395 2112 1459 2160 haec
1478 2117 1607 2175 spectent,

473 2212 565 2247 necne.
584 2197 681 2262 Utique
699 2196 733 2246 ad
753 2195 899 2245 Hesiodum
917 2197 1025 2261 eiusque
1044 2197 1142 2247 similes
1161 2198 1259 2247 Gitona
1276 2198 1362 2248 locum
1381 2197 1467 2247 refert.

518 2283 546 2350 2)
565 2283 611 2333 Ph.
636 2282 661 2332 d.
687 2283 732 2331 Gr.
753 2282 786 2348 1³,
805 2298 864 2348 pag.
890 2280 924 2345 89
950 2281 1021 2348 (adn.
1047 2282 1085 2349 6):
1111 2320 1187 2347 ,....
1206 2285 1274 2334 Tim.
1299 2283 1408 2348 40Df,
1428 2299 1469 2333 wo
1488 2283 1535 2333 mit
1553 2282 1604 2332 den

472 2370 609 2435 Dichtern,
627 2369 670 2419 die
689 2369 745 2419 sich
764 2368 846 2419 selbat
865 2368 906 2417 fur
925 2368 1013 2419 So'hne
1029 2386 1080 2419 von
1097 2370 1207 2420 Gottern
1224 2372 1366 2435 ausgeben,
1375 2370 1521 2434 uberhaupt
1531 2369 1603 2418 nicht

472 2457 583 2522 Hesiod,
605 2472 668 2506 ron
688 2456 760 2506 dem
779 2455 872 2505 diess
890 2455 987 2506 nicht
1006 2457 1138 2507 erzdhlt
1158 2458 1254 2523 wird,
1272 2458 1385 2508 sondern
1405 2473 1454 2507 nur
1472 2456 1515 2506 die
1533 2456 1600 2521 Rep.

472 2544 509 2608 11,
528 2543 611 2607 364ss
629 2551 790 2608 genannten,
809 2541 931 2607 Orpheus
951 2542 1005 2591 und
1023 2543 1138 2608 Mustius,
1154 2546 1269 2609 gemeint
1285 2545 1341 2594 sein
1357 2545 1479 2609 konnen,
1495 2543 1531 2593 im
1546 2558 1603 2591 vor·

471 2628 610 2694 liegenden
635 2628 693 2677 Fali
712 2629 774 2677 aber
792 2643 840 2677 nur
855 2627 939 2691 jener,
957 2627 1027 2676 deon
1047 2645 1099 2678 was
1118 2630 1160 2678 bei
1179 2630 1248 2680 Mus.
1268 2646 1320 2680 von
1339 2631 1411 2680 einer
1430 2629 1603 2692 Verbindung

471 2715 518 2766 des
546 2715 668 2765 Okeanos
695 2716 743 2764 mit
770 2714 817 2763 der
842 2714 897 2763 Gaia
922 2714 1006 2778 stand,
1031 2731 1076 2764 aus
1102 2715 1148 2765 der
1172 2717 1348 2782 Triptolemus
1372 2718 1603 2782 herrorgegangen

472 2803 509 2853 sei
533 2801 624 2869 (Prius
643 2803 665 2867 I,
687 2816 728 2867 14,
747 2801 783 2868 3),
808 2809 879 2866 passt
900 2800 962 2867 (wie
980 2802 1046 2851 auch
1064 2803 1145 2852 Kaau
1165 2820 1221 2855 aa
1242 2806 1274 2854 Ο.
1293 2819 1328 2868 42
1347 2805 1486 2872 einraumt)
1504 2821 1535 2854 zu
1553 2803 1598 2853 der

395 2867 402 2882 ⁹
472 2889 631 2955 Genealogie
650 2889 696 2939 des
715 2888 821 2938 Timttus
838 2888 911 2939 nicht
929 2888 965 2937 im
984 2890 1143 2956 geringsten,
1161 2891 1279 2957 dagegen
1298 2892 1349 2942 ist’'
1367 2907 1427 2957 sqq.

515 2975 612 3041 Utique
630 2976 693 3025 satis
711 2976 776 3024 mira
794 2982 834 3024 est
848 2975 912 3025 haec
928 2976 1047 3025 Zaabram
1062 2978 1240 3027 ratiocinatio:
1256 2994 1316 3028 nam
1332 2979 1404 3044 prius
1420 2978 1499 3043 Rep.
1518 2976 1601 3041 364E

471 3063 575 3128 probari
599 3063 672 3129 dicit,
696 3062 728 3112 ad
754 3062 889 3128 Orpheum
914 3070 947 3112 et
972 3063 1142 3114 Musaeum
1167 3065 1330 3115 referendum
1354 3080 1410 3115 esse
1429 3065 1497 3115 Tim.
1516 3065 1601 3127 40D:

470 3150 566 3200 deinde
590 3166 652 3200 vero
677 3150 783 3199 aliunde
802 3149 926 3214 ostendit,
944 3150 977 3199 de
997 3149 1104 3200 Musaeo
1122 3167 1268 3202 sermonem
1285 3168 1342 3202 esse
1361 3168 1415 3201 non
1435 3166 1533 3216 posse
1551 3152 1601 3201 hoc

469 3237 542 3287 loeo:
562 3237 678 3302 sequitur
696 3252 753 3286 mea
771 3236 878 3301 quidem
896 3236 1033 3302 opinione,
1051 3247 1078 3286 ut
1098 3253 1146 3287 nec
1166 3238 1237 3303 quod
1256 3239 1289 3288 ad
1308 3238 1441 3304 Orpheum
1460 3238 1600 3303 quicquam

469 3324 628 3374 demonstret
653 3325 721 3389 Rep.
740 3323 766 3371 11
787 3322 886 3386 364E:
905 3338 965 3372 nam
987 3324 1019 3388 si,
1037 3324 1109 3388 quod
1128 3326 1250 3375 Musaeus
1269 3333 1294 3375 et
1315 3326 1436 3392 Orpheus
1452 3321 1557 3381 Matiene
1573 3338 1603 3371 ra

467 3408 510 3457 καὶ
525 3413 629 3457 Μουσῶν
642 3405 743 3470 imam
758 3408 889 3474 dicuntur,
904 3410 1054 3459 testimonio
1069 3419 1117 3477 est,
1127 3412 1232 3461 eosdem
1242 3412 1351 3463 indicari
1361 3414 1429 3463 Tim.
1438 3427 1474 3475 40
1483 3414 1508 3462 D
1518 3412 1603 3463 verbis

467 3493 576 3559 ἰκγύνσις
597 3494 662 3555 θεῶν,
684 3503 787 3546 constat
806 3502 892 3545 autem
909 3495 943 3545 de
963 3496 1070 3546 Musaeo
1089 3497 1217 3547 hocloco
1236 3514 1380 3549 sermonem
1398 3516 1453 3550 non
1472 3516 1538 3565 esse,
1555 3514 1603 3548 nec

469 3586 541 3651 quod
564 3585 597 3634 ad
622 3583 756 3649 Orpheum
780 3583 921 3647 quiequam
946 3584 1012 3633 effici
1037 3591 1123 3649 potest
1147 3600 1179 3634 ex
1198 3585 1245 3635 illo
1263 3585 1335 3636 loco:
1354 3595 1398 3636 aut
1416 3587 1449 3636 ad
1467 3593 1603 3651 utrumque

468 3673 563 3724 autad
582 3678 701 3722 neutrum
720 3670 843 3735 pertinet.

514 3760 542 3828 3)
560 3758 612 3809 o.l.
632 3774 707 3824 pagg.
728 3757 805 3806 XVII
824 3771 899 3821 sqq:
921 3757 977 3821 ,sin
997 3773 1060 3808 vero
1078 3758 1158 3825 [Rep.
1179 3760 1213 3809 11.
1234 3760 1286 3824 364
1295 3759 1328 3826 E]
1345 3761 1404 3810 talis
1418 3767 1457 3809 est
1473 3758 1601 3809 enuntiati

467 3853 603 3910 structura,
625 3852 654 3894 nt
678 3843 809 3893 sententia
833 3841 880 3890 sit:
908 3843 971 3907 ,qui
995 3842 1065 3908 libri,
1089 3851 1117 3893 ut
1137 3844 1181 3894 isti
1199 3845 1319 3895 homines
1337 3846 1437 3910 dicunt,
1455 3845 1556 3895 Musaei
1574 3851 1599 3893 et

469 3933 569 3999 Orphei
593 3947 671 3997 opera
696 3937 756 3980 sunt
779 3928 891 3978 filiorum
916 3930 1007 3979 Lunae
1027 3939 1053 3979 et
1075 3931 1235 3997 Musarum'’,
1255 3941 1340 3982 tamen
1359 3942 1428 3983 certe
1448 3939 1601 3999 personatus

468 4021 589 4086 Orpheus
606 4020 634 4068 in
653 4018 692 4067 eis
711 4015 836 4081 versibus,
856 4016 952 4081 quibus
972 4032 1074 4067 carmen
1094 4034 1168 4068 suum
1188 4019 1372 4084 theogonicum
1389 4027 1528 4086 personato
1544 4019 1600 4067 Mu-

467 4123 528 4158 saeo
546 4106 658 4171 dedicat,
673 4106 743 4155 hunc
759 4102 877 4170 appellat
893 4104 983 4153 Lunae
1000 4104 1090 4171 filium,
1105 4115 1318 4171 quapropter
1334 4115 1369 4158 ut
1386 4124 1474 4157 suam
1490 4107 1600 4173 ipsius

467 4209 603 4260 quoque
628 4192 778 4242 divinam
797 4189 969 4253 originem
987 4191 1021 4241 in
1039 4192 1158 4242 eodem
1176 4194 1325 4244 carmine
1344 4194 1599 4260 praedicaverit

467 4279 755 4332 verisimillimum
782 4277 902 4327 saltem
930 4278 1007 4327 est.‘'
1035 4278 1134 4329 Metam
1162 4279 1229 4329 hanc
1254 4296 1310 4330 esse
1334 4282 1518 4347 coniecturam,
1541 4282 1601 4347 quis

467 4384 519 4418 non
539 4369 627 4419 videti
645 4367 724 4431 Quod
738 4365 856 4415 versibus
873 4379 927 4413 non
943 4364 1021 4415 nimis
1036 4366 1162 4431 antiquis,
1177 4373 1206 4415 ut
1215 4366 1327 4434 videtur,
1335 4369 1384 4418 hac
1393 4368 1500 4434 quidem
1509 4368 1599 4433 forma,

467 4455 589 4520 Orpheus
613 4456 747 4504 Musaeum
771 4453 862 4501 Lunae
889 4450 970 4499 filium
995 4451 1071 4518 dixit,
1095 4468 1192 4502 numne
1219 4453 1283 4503 haec
1308 4463 1346 4504 est
1364 4471 1450 4520 causa,
1467 4471 1512 4504 cur
1530 4453 1599 4504 idem

466 4556 519 4591 non
544 4542 604 4592 dico
623 4543 767 4605 Musaeum,
784 4538 830 4588 sed
849 4553 876 4586 se
896 4537 982 4602 ipsum
1002 4538 1108 4588 deorum
1127 4538 1209 4588 filium
1228 4540 1389 4606 appellaret?
1408 4542 1542 4591 Praeterea
1560 4556 1599 4590 ro·

466 4635 540 4692 gatur
555 4645 643 4679 annon
660 4627 782 4693 Orpheus
800 4625 935 4673 deorum
953 4624 1020 4675 tilius
1030 4633 1099 4674 recte
1111 4625 1219 4691 dicatur,
1228 4642 1287 4676 eunt
1296 4637 1394 4693 patrem
1403 4629 1459 4678 cius
1470 4629 1599 4692 Oeagrnm

465 4713 544 4765 fuisse
563 4731 653 4765 omnes
671 4714 725 4764 iere
743 4711 916 4762 consentiant.
936 4711 1003 4760 Vide
1023 4727 1083 4776 pag.
1106 4710 1164 4778 185,
1182 4713 1242 4764 adn.
1264 4725 1293 4780 13
1312 4731 1373 4780 pag.
1394 4712 1453 4781 198,
1471 4715 1532 4764 adn.
1552 4727 1575 4763 2.

457 5123 627 5308 f
