3717 5575
1005 663 1077 734 130

524 839 579 913 lta
608 840 661 931 fit,
690 856 730 915 ut
752 841 819 914 viri
842 839 954 930 docti,
981 840 1168 914 Pnnrorus
1190 842 1239 914 de
1262 838 1480 937 Orphicis
1503 836 1598 911 testi·

471 963 594 1036 monia
630 978 877 1052 recensentes,
915 960 975 1035 alii
1012 988 1127 1060 saepe
1161 963 1321 1037 afferant
1358 960 1443 1051 alia,
1477 974 1516 1033 et
1543 958 1600 1033 alii

470 1083 576 1158 aliter
603 1110 689 1159 eum
717 1085 897 1158 iudicasse
925 1101 1112 1159 censeant.

524 1206 694 1297 Accedit,
731 1207 833 1303 quod
870 1230 967 1304 quae
1004 1207 1123 1303 primo
1158 1208 1293 1304 capite,
1323 1206 1385 1280 ubi
1412 1205 1461 1277 de
1489 1202 1600 1276 subsi-

470 1328 613 1400 diorum
651 1328 776 1424 inopia
803 1328 999 1425 agebatur,
1010 1324 1035 1424 ¹)
1063 1329 1110 1401 de
1139 1330 1312 1402 universa
1340 1325 1601 1426 prae-Socrati·

470 1474 596 1522 corum
634 1448 870 1546 philosophia
906 1450 1006 1522 dicta
1042 1468 1140 1540 sunt,
1178 1451 1355 1548 imprimis
1392 1450 1531 1522 cadunt
1565 1447 1602 1518 in

472 1570 739 1668 Orphicos:
778 1596 852 1644 non
889 1570 1010 1644 solum
1049 1597 1204 1668 operum
1239 1597 1383 1661 eorum,
1421 1569 1469 1642 ad
1507 1569 1602 1641 hanc

470 1691 758 1789 disputationem
795 1692 1067 1790 pertinentium,
1106 1718 1180 1766 non
1209 1694 1277 1765 nisi
1305 1694 1518 1790 fragmenta
1545 1715 1602 1763 ae·

470 1830 586 1887 tatem
611 1813 783 1905 tulerunt,
807 1815 874 1888 sed
898 1816 979 1912 ipsa
1003 1814 1096 1889 haec
1112 1815 1324 1913 fragmenta
1339 1814 1472 1912 quibus
1487 1812 1603 1910 operi·

471 1936 541 2010 bus
577 1937 648 2009 sint
681 1937 876 2010 tribuenda
910 1936 1060 2010 cuiusve
1096 1937 1230 2011 aetatis
1257 1936 1341 2026 sint,
1370 1960 1521 2033 prorsus
1548 1948 1603 2007 est

471 2058 668 2150 incertum,
683 2074 877 2155 praeterea
892 2075 1017 2132 autem
1033 2057 1164 2132 horum
1179 2059 1474 2157 fragmentorum
1490 2054 1604 2129 multa

471 2180 704 2254 inveniuntur
733 2181 768 2252 in
796 2181 883 2278 ipsis
912 2182 1100 2254 Pmoun
1126 2180 1288 2278 scriptis!

527 2301 614 2374 Alia
649 2303 829 2375 accedunt
862 2303 1057 2399 graviora:
1093 2301 1281 2399 Orphicae
1309 2302 1501 2376 doctrinae
1529 2324 1602 2372 non

472 2448 604 2496 omnes
626 2423 720 2496 inter
742 2449 783 2496 se
806 2441 1034 2521 congruunt:
1060 2449 1182 2521 neque
1196 2423 1353 2498 eaedem
1369 2447 1517 2519 semper
1531 2420 1604 2494 sue·

473 2560 568 2634 runt,
597 2569 666 2617 nec
693 2569 768 2617 uno
796 2569 910 2641 opere
938 2545 1190 2619 continentur:
1220 2572 1294 2619 non
1319 2546 1369 2619 ab
1392 2570 1467 2618 uno
1491 2553 1604 2641 poeta

472 2665 533 2739 vel
555 2665 779 2763 philosopho
802 2681 887 2739 sunt
904 2667 1152 2763 excogitatae,
1168 2668 1234 2741 sed
1248 2669 1360 2741 variis
1374 2666 1604 2763 temporibus

473 2787 643 2861 homines
677 2789 768 2861 varii
804 2810 870 2862 eas
904 2787 1153 2885 protulerunt:
1170 2785 1197 2888 ⁹)
1232 2791 1358 2887 itaque
1394 2786 1604 2885 complures

473 2910 673 2984 extiterunt
694 2909 935 3007 theogoniae,
960 2926 997 2983 et
1021 2912 1205 2985 aetatibus
1229 2928 1268 2985 et
1284 2910 1515 3008 argumentis
1529 2933 1603 2981 non

473 3058 604 3130 parum
628 3032 808 3106 diversae.
835 3030 900 3104 Ab
923 3030 1041 3104 altera
1065 3058 1155 3106 vero
1179 3051 1297 3131 parte,
1322 3050 1362 3107 ut
1386 3035 1506 3130 prisca
1528 3056 1604 3104 car·

474 3155 611 3227 minum
647 3152 791 3226 indoles
827 3169 1049 3243 servaretur,
1080 3155 1325 3250 posteriorum
1355 3170 1527 3228 auctores
1553 3150 1604 3224 ad

472 3277 635 3375 priorum
677 3273 849 3371 exempla
889 3276 1038 3371 saepius
1077 3301 1118 3349 se
1159 3276 1451 3373 applicaverunt,
1463 3272 1490 3372 ³)
1527 3298 1603 3369 quo

473 3400 610 3473 sactum
638 3414 696 3470 est
723 3412 764 3470 ut
790 3397 826 3469 in
854 3413 960 3469 tanta
988 3396 1223 3494 reliquiarum
1252 3400 1402 3473 raritate
1431 3424 1475 3472 ac
1503 3396 1604 3468 dissi·

472 3521 637 3619 patione,
686 3519 749 3615 qui
790 3519 836 3591 sit
874 3518 1063 3591 variorum
1105 3543 1258 3615 operum
1301 3520 1394 3593 ordo
1436 3544 1480 3592 ac
1522 3542 1603 3614 pro·

472 3642 627 3742 gressi0,
666 3665 740 3713 non
777 3638 937 3736 amplius
969 3656 1071 3713 certo
1107 3641 1220 3714 modo
1248 3641 1366 3739 possit
1394 3639 1601 3713 internosci.

474 3766 621 3860 Quibus
648 3761 841 3859 perpensis
868 3759 973 3834 facile
1001 3760 1245 3859 intellegetur,
1276 3761 1393 3835 multo
1422 3761 1604 3835 maiorem

474 3962 668 3975 φ

521 4073 547 4139 1)
566 4071 606 4121 Cf·
626 4086 703 4135 ntes·
723 4079 828 4133 tssuu·

519 4159 548 4226 2)
567 4158 607 4208 Cf.
626 4172 713 4222 supra,
732 4170 792 4219 pag.
814 4163 856 4217 73,
874 4152 935 4201 adn.
955 4163 979 4214 3.

519 4245 547 4310 3)
566 4245 606 4295 Cf.
617 4244 728 4294 Gaurus
736 4239 807 4305 apud
817 4240 947 4288 Roscusstt
956 4237 1015 4303 o.l.,
1024 4238 1075 4288 col.
1088 4251 1168 4302 1119:
1179 4241 1282 4304 ,Wenn
1290 4241 1445 4306 gleichwohl
1453 4242 1495 4290 ein
1504 4257 1607 4307 grosser

474 4332 532 4382 Teil
556 4330 642 4381 dieser
666 4326 794 4377 Gedichte
818 4324 918 4373 sowohl
942 4323 1110 4374 hinsichtlich
1129 4325 1174 4374 der
1197 4326 1223 4375 in
1243 4326 1323 4378 ihnen
1344 4328 1474 4377 erzthlten
1495 4327 1606 4392 Mythen

474 4419 513 4468 als
537 4418 603 4467 auch
620 4412 788 4465 hinsichtlich
807 4411 853 4460 der
870 4424 970 4473 ganzen
989 4410 1258 4461 schriststellerischen
1276 4412 1377 4478 Aulage
1396 4413 1450 4463 und
1465 4414 1545 4463 selbst
1561 4412 1607 4462 des

476 4504 626 4553 Ausdrucks
644 4498 860 4561 ubereinstirnmt,
878 4511 907 4545 so
926 4496 1022 4545 erkldrt
1038 4496 1092 4546 sich
1111 4496 1166 4546 dies
1184 4500 1325 4562 gentlgend
1343 4500 1445 4565 dumus,
1462 4499 1520 4548 dass
1533 4498 1607 4562 jedes

475 4590 597 4654 folgende
620 4588 710 4653 Werk,
735 4602 778 4637 um
803 4583 858 4633 sich
882 4582 920 4631 als
945 4583 1005 4633 echt
1028 4599 1059 4633 zu
1083 4583 1268 4651 legitimieren,
1291 4585 1346 4637 sich
1370 4602 1404 4636 an
1423 4587 1474 4636 den
1494 4585 1544 4636 Stil
1563 4585 1609 4634 der

476 4678 596 4726 fritheren
615 4676 793 4726 anschliessen
812 4669 937 4720 musste.”

1580 5563 1756 5570 *-
