3717 5575
813 697 881 769 Ι95

280 894 390 944 unam
427 872 669 971 coniungens,
703 872 899 947 Oceanum
927 873 1022 946 inter
1051 873 1220 947 Uranum
1248 890 1286 947 et
1315 873 1415 947 Kro-

280 1018 367 1067 num
395 994 612 1093 interponit:
643 994 793 1068 Uranos
820 1039 872 1050 -
901 994 1078 1069 Oceanos
1106 1040 1158 1050 —
1189 995 1340 1069 Kronos
1366 1039 1414 1050 -

279 1115 383 1191 Zeus,
400 1111 427 1214 ¹)

335 1238 419 1313 Hac
455 1239 599 1314 ratione
635 1237 860 1338 intellegitur
892 1239 1067 1337 frequens
1094 1238 1154 1314 ille
1177 1238 1328 1337 pluralis
1349 1266 1413 1314 nu·

280 1361 369 1435 meri
397 1387 505 1453 usus,
543 1359 779 1460 intellegitur,
808 1388 872 1436 cur
899 1388 975 1436 non
1004 1388 1078 1437 una
1108 1361 1334 1462 genealogia
1362 1363 1413 1436 in·

278 1499 385 1582 tegra
402 1483 602 1576 reseratur,
622 1482 846 1583 intellegitur
862 1485 1024 1583 denique
1039 1483 1110 1559 loci
1125 1486 1260 1559 ironia:
1275 1486 1410 1559 eadem

278 1621 335 1680 est
357 1605 474 1680 ironia
497 1622 537 1680 et
555 1607 809 1704 despicientia,
834 1633 908 1704 qua
932 1608 1136 1682 identidem
1155 1609 1268 1682 utitur
1285 1608 1413 1681 Pnaro

280 1729 315 1801 in
360 1726 535 1827 vulgares
575 1727 657 1803 illos
694 1741 839 1827 poetas
877 1731 1011 1828 quibus
1033 1731 1168 1829 ,mythi
1209 1730 1411 1828 antiquitus

279 1852 422 1949 accepti
458 1849 546 1925 nihil
582 1868 707 1926 essent
738 1853 805 1926 nisi
834 1879 960 1927 merae
989 1853 1295 1944 narratiunculae,
1325 1854 1414 1928 inte·

280 1974 375 2047 riore
410 1999 478 2048 sua
515 1974 552 2048 vi
588 1999 633 2048 ac
669 1976 854 2049 sententia
895 1974 1119 2074 privatae,⁷)
1157 1977 1220 2072 qui
1256 1976 1437 2049 deorum·

278 2121 419 2195 genera
456 2114 691 2173 recenserent
726 2114 920 2196 tamquam
958 2098 1150 2172 hominum
1189 2113 1314 2171 essent
1346 2123 1413 2196 ge·

278 2217 422 2319 nera.⁸)

333 2342 441 2417 Haec
478 2343 603 2417 omnia
631 2343 829 2440 quominus
856 2343 905 2417 ad
934 2342 1138 2441 Orphicam
1167 2342 1411 2440 theogoniam

276 2463 399 2539 locum
422 2464 523 2540 illum
549 2466 763 2556 reseramus,
787 2466 950 2556 obstant,
965 2464 993 2562 ⁴)
1016 2482 1056 2538 ut
1076 2462 1253 2562 vulgares
1276 2475 1410 2562 poetas

275 2589 435 2687 spectari
450 2590 655 2687 opinemur,
671 2589 849 2682 suadent,
864 2589 922 2662 cui
936 2587 1145 2662 sententiae
1159 2587 1321 2684 denique
1336 2611 1411 2660 non

277 2737 408 2810 parum
432 2712 661 2786 auctoritatis
685 2711 832 2785 additur
849 2709 1084 2808 Epinomidis
1107 2707 1169 2783 illo
1193 2707 1277 2783 loco
1300 2734 1412 2808 supra

275 2833 441 2926 laudato,
466 2835 541 2933 qui,
567 2860 798 2935 magnopere
816 2859 900 2907 cum
919 2833 1064 2907 Timaei
1083 2831 1167 2906 loco
1186 2858 1409 2931 congruens,
1484 2915 1492 2934 .

277 2956 403 3054 procul
441 2957 554 3031 dubio
590 2982 665 3031 non
703 2956 752 3030 ad
790 2955 1006 3054 Orphicam,
1044 2953 1111 3027 sed
1139 2955 1188 3028 ad
1217 2954 1410 3053 vulgarem

276 3077 507 3179 theologiam
535 3079 750 3154 referendus
777 3093 844 3151 est.
862 3075 889 3175 6)

330 3301 464 3400 Restat
498 3325 537 3399 id
575 3350 702 3415 unum,
739 3340 781 3397 ut
815 3320 863 3397 de
890 3322 1014 3397 verbis
1041 3320 1130 3395 illis:
1159 3321 1302 3426 ἐκγόνοις
1331 3327 1409 3400 θεῶν

321 3604 347 3669 1)
366 3604 487 3654 Fortasse
506 3603 623 3653 Hrsrom
641 3600 788 3652 auctoritati
808 3600 886 3650 etiam
904 3598 1072 3649 tribuendum
1090 3605 1130 3648 est
1148 3598 1221 3664 qaod
1236 3598 1333 3648 Gaeam
1349 3604 1408 3648 ante

274 3690 390 3742 uanum
417 3690 494 3756 ponit
518 3691 623 3740 Pmo:
647 3688 694 3743 Γῆς
714 3702 744 3734 τι
767 3683 810 3733 eal
833 3682 942 3746 Οὐρανοῦ
965 3680 1053 3741 παῖδες
1077 3682 1197 3741 Ὠκεανός
1220 3698 1250 3730 rr
1272 3680 1315 3730 nai
1333 3680 1411 3739 mou

271 3770 415 3838 mutetur:
433 3792 528 3842 nempe
547 3775 687 3826 Hrsronus
706 3775 821 3826 Uranum
840 3775 912 3824 Gaea
929 3781 1020 3824 natum
1039 3773 1109 3823 facit.

319 3863 349 3931 a)
365 3863 447 3915 Simul
471 3879 503 3913 ex
524 3863 566 3912 hia
584 3878 690 3928 quoque
709 3862 836 3928 sequitur,
854 3861 1030 3926 Orphieorum
1049 3860 1215 3924 theogonium
1233 3874 1286 3908 non
1305 3858 1409 3924 respici,

273 3966 333 4002 cum
350 3951 378 4000 hi
397 3966 500 4017 semper
518 3951 668 4001 interiorem
689 3950 837 4014 mythorum
855 3949 1011 3999 sententiam
1031 3956 1185 4014 quaererent
1203 3954 1230 3996 et
1247 3952 1408 4012 spectarent:

274 4036 308 4088 cf.
325 4038 446 4103 Caum,
461 4037 491 4088 C.
505 4053 531 4087 u.
541 4037 579 4087 Μ.
595 4052 654 4103 pag,
670 4034 736 4098 641:
754 4036 877 4099 „Ebenao
892 4035 942 4084 wie
958 4034 1001 4085 die
1010 4032 1299 4099 frflherbesprochenen
1309 4031 1409 4081 alteren

273 4124 447 4189 Theogonien
462 4123 605 4174 versachen
620 4138 648 4173 ea
661 4122 733 4172 diese
745 4121 872 4186 jungerem
889 4122 917 4171 in
934 4121 980 4171 der
996 4121 1072 4170 Form
1088 4120 1134 4170 des
1148 4118 1254 4183 Mythoa
1263 4117 1408 4168 Gedanken

275 4212 340 4261 ttber
357 4211 502 4260 Entstehen
521 4209 575 4260 und
593 4208 732 4274 Vergehen
751 4208 797 4258 des
816 4207 937 4257 Weltalls
956 4204 1182 4269 niederzulegen.”

320 4297 348 4365 3)
367 4297 474 4363 Optime
490 4304 623 4361 praeterea
641 4296 667 4345 iu
687 4295 834 4345 Hesiodum
849 4295 947 4345 cadunt
963 4294 1022 4343 illa:
1037 4289 1125 4351 καίπερ
1139 4289 1196 4339 ἄνευ
1211 4305 1241 4338 τε
1255 4288 1355 4339 εἰκότων
1369 4287 1410 4338 nal

267 4379 410 4445 &mulne
426 4378 576 4448 ὶποδείξενν
591 4378 716 4443 λέγουσιν.

318 4465 348 4535 4)
367 4465 443 4516 Adde
468 4465 540 4531 quod
561 4465 628 4516 illud
647 4459 782 4523 inopinave
799 4466 834 4525 τῷ
854 4463 919 4522 νόμῳ
940 4463 971 4513 de
990 4462 1091 4528 vulgari
1109 4462 1242 4528 theologia
1259 4469 1329 4512 recte
1347 4461 1410 4511 dici·

276 4561 327 4620 tur,
353 4554 381 4603 in
410 4552 552 4619 Orphicum
580 4552 749 4617 theogeniam
776 4551 820 4600 rix
849 4549 968 4616 quadrat.
997 4549 1118 4600 Ceterum
1145 4549 1177 4599 de
1200 4548 1242 4598 his
1267 4548 1352 4598 verbis
1376 4547 1409 4598 ci.

274 4640 373 4690 Gaura
390 4639 443 4691 ou
464 4655 525 4705 pag.
546 4637 598 4703 258
617 4637 677 4688 adn.
697 4654 722 4688 x.

320 4725 347 4793 5)
366 4725 407 4775 Cf.
426 4741 514 4791 supra,
533 4740 592 4790 pag.
615 4723 673 4775 182.
