<?xml version="1.0" encoding="UTF-8"?>
<!DOCTYPE html PUBLIC "-//W3C//DTD XHTML 1.0 Transitional//EN"
    "http://www.w3.org/TR/xhtml1/DTD/xhtml1-transitional.dtd">
<html xmlns="http://www.w3.org/1999/xhtml" xml:lang="en" lang="en">
 <head>
  <title>
</title>
<meta http-equiv="Content-Type" content="text/html;charset=utf-8" />
  <meta name='ocr-system' content='tesseract 3.04.00' />
  <meta name='ocr-capabilities' content='ocr_page ocr_carea ocr_par ocr_line ocrx_word'/>
</head>
<body>
  <div class='ocr_page' id='page_1' title='image "./deplatonepraeso02woltgoog_0108.png"; bbox 0 0 3717 5575; ppageno 0'>
   <div class='ocr_carea' id='block_1_1' title="bbox 1412 1400 2538 1510">
    <p class='ocr_par' dir='ltr' id='par_1_1' title="bbox 1412 1400 2538 1510">
     <span class='ocr_line' id='line_1_1' title="bbox 1412 1400 2538 1510; baseline 0.004 -6"><span class='ocrx_word' id='word_1_1' title='bbox 1412 1409 1848 1508; x_wconf 90' lang='lat' dir='ltr'><strong>CAPUT</strong></span> <span class='ocrx_word' id='word_1_2' title='bbox 1909 1400 2538 1510; x_wconf 90' lang='lat' dir='ltr'><strong>TERTIUM.</strong></span> 
     </span>
    </p>
   </div>
   <div class='ocr_carea' id='block_1_2' title="bbox 1762 1677 2159 1688">
    <p class='ocr_par' dir='ltr' id='par_1_2' title="bbox 1762 1677 2159 1688">
     <span class='ocr_line' id='line_1_2' title="bbox 1762 1677 2159 1688; baseline 0.003 -1"><span class='ocrx_word' id='word_1_3' title='bbox 1762 1677 2159 1688; x_wconf 82' lang='lat'><strong>——-——-—</strong></span> 
     </span>
    </p>
   </div>
   <div class='ocr_carea' id='block_1_3' title="bbox 1298 1865 2663 1912">
    <p class='ocr_par' dir='ltr' id='par_1_3' title="bbox 1298 1865 2663 1912">
     <span class='ocr_line' id='line_1_3' title="bbox 1298 1865 2663 1912; baseline 0.003 -5"><span class='ocrx_word' id='word_1_4' title='bbox 1298 1865 1381 1907; x_wconf 83' lang='lat' dir='ltr'>DE</span> <span class='ocrx_word' id='word_1_5' title='bbox 1421 1865 1608 1910; x_wconf 86' lang='lat' dir='ltr'>VULGI</span> <span class='ocrx_word' id='word_1_6' title='bbox 1649 1866 2067 1912; x_wconf 79' lang='lat' dir='ltr'>OPINIONIBUS.</span> <span class='ocrx_word' id='word_1_7' title='bbox 2103 1885 2182 1894; x_wconf 88' lang='lat'>—</span> <span class='ocrx_word' id='word_1_8' title='bbox 2219 1867 2302 1909; x_wconf 83' lang='lat' dir='ltr'>DE</span> <span class='ocrx_word' id='word_1_9' title='bbox 2338 1866 2663 1911; x_wconf 77' lang='lat' dir='ltr'>BARBARIS.</span> 
     </span>
    </p>
   </div>
   <div class='ocr_carea' id='block_1_4' title="bbox 841 2023 3105 3588">
    <p class='ocr_par' dir='ltr' id='par_1_4' title="bbox 844 2023 3102 2366">
     <span class='ocr_line' id='line_1_4' title="bbox 961 2023 3102 2122; baseline 0.001 -26"><span class='ocrx_word' id='word_1_10' title='bbox 961 2046 1021 2097; x_wconf 93' lang='lat'>1.</span> <span class='ocrx_word' id='word_1_11' title='bbox 1085 2023 1304 2097; x_wconf 85' lang='lat' dir='ltr'>Duae</span> <span class='ocrx_word' id='word_1_12' title='bbox 1351 2040 1521 2099; x_wconf 93' lang='lat' dir='ltr'>sunt</span> <span class='ocrx_word' id='word_1_13' title='bbox 1566 2023 1897 2122; x_wconf 90' lang='lat' dir='ltr'>reliquae</span> <span class='ocrx_word' id='word_1_14' title='bbox 1945 2049 2086 2116; x_wconf 69' lang='grc' dir='ltr'>τες,</span> <span class='ocrx_word' id='word_1_15' title='bbox 2136 2024 2231 2099; x_wconf 91' lang='lat' dir='ltr'>de</span> <span class='ocrx_word' id='word_1_16' title='bbox 2280 2024 2547 2121; x_wconf 92' lang='lat' dir='ltr'>quibus</span> <span class='ocrx_word' id='word_1_17' title='bbox 2583 2024 2654 2097; x_wconf 92' lang='lat' dir='ltr'>in</span> <span class='ocrx_word' id='word_1_18' title='bbox 2685 2024 2827 2099; x_wconf 89' lang='lat' dir='ltr'>hac</span> <span class='ocrx_word' id='word_1_19' title='bbox 2856 2026 3102 2122; x_wconf 89' lang='lat' dir='ltr'>operis</span> 
     </span>
     <span class='ocr_line' id='line_1_5' title="bbox 844 2145 3102 2246; baseline 0.001 -28"><span class='ocrx_word' id='word_1_20' title='bbox 844 2145 990 2219; x_wconf 89' lang='lat' dir='ltr'>mei</span> <span class='ocrx_word' id='word_1_21' title='bbox 1065 2161 1278 2243; x_wconf 88' lang='lat' dir='ltr'>parte</span> <span class='ocrx_word' id='word_1_22' title='bbox 1341 2147 1434 2220; x_wconf 92' lang='lat' dir='ltr'>sit</span> <span class='ocrx_word' id='word_1_23' title='bbox 1490 2147 1912 2246; x_wconf 87' lang='lat' dir='ltr'>agendum:</span> <span class='ocrx_word' id='word_1_24' title='bbox 1971 2146 2488 2245; x_wconf 87' lang='lat' dir='ltr'>opiniones</span> <span class='ocrx_word' id='word_1_25' title='bbox 2542 2147 2762 2220; x_wconf 89' lang='lat' dir='ltr'>dico</span> <span class='ocrx_word' id='word_1_26' title='bbox 2817 2172 3102 2245; x_wconf 89' lang='lat' dir='ltr'>popu-</span> 
     </span>
     <span class='ocr_line' id='line_1_6' title="bbox 844 2265 2893 2366; baseline 0.001 -26"><span class='ocrx_word' id='word_1_27' title='bbox 844 2265 1110 2341; x_wconf 85' lang='lat' dir='ltr'>lares</span> <span class='ocrx_word' id='word_1_28' title='bbox 1163 2284 1241 2342; x_wconf 91' lang='lat' dir='ltr'>et</span> <span class='ocrx_word' id='word_1_29' title='bbox 1294 2269 1939 2343; x_wconf 90' lang='lat' dir='ltr'>barbarorum</span> <span class='ocrx_word' id='word_1_30' title='bbox 1997 2268 2893 2366; x_wconf 88' lang='lat' dir='ltr'>mythologumena.</span> 
     </span>
    </p>

    <p class='ocr_par' dir='ltr' id='par_1_5' title="bbox 841 2389 3105 3588">
     <span class='ocr_line' id='line_1_7' title="bbox 957 2389 3101 2490; baseline 0.001 -28"><span class='ocrx_word' id='word_1_31' title='bbox 957 2415 1022 2464; x_wconf 91' lang='lat'>2.</span> <span class='ocrx_word' id='word_1_32' title='bbox 1081 2389 1377 2490; x_wconf 87' lang='lat' dir='ltr'>Vulgi</span> <span class='ocrx_word' id='word_1_33' title='bbox 1452 2392 1987 2489; x_wconf 87' lang='lat' dir='ltr'>opiniones</span> <span class='ocrx_word' id='word_1_34' title='bbox 2058 2415 2354 2489; x_wconf 87' lang='lat' dir='ltr'>semper</span> <span class='ocrx_word' id='word_1_35' title='bbox 2425 2391 2578 2465; x_wconf 88' lang='lat' dir='ltr'>fere</span> <span class='ocrx_word' id='word_1_36' title='bbox 2642 2416 2688 2464; x_wconf 98' lang='lat' dir='ltr'>a</span> <span class='ocrx_word' id='word_1_37' title='bbox 2750 2391 3101 2465; x_wconf 77' lang='lat' dir='ltr'>PLATONE</span> 
     </span>
     <span class='ocr_line' id='line_1_8' title="bbox 843 2510 3102 2611; baseline 0.001 -26"><span class='ocrx_word' id='word_1_38' title='bbox 843 2535 1069 2585; x_wconf 87' lang='lat' dir='ltr'>verae</span> <span class='ocrx_word' id='word_1_39' title='bbox 1126 2510 1642 2610; x_wconf 86' lang='lat' dir='ltr'>philosophiae</span> <span class='ocrx_word' id='word_1_40' title='bbox 1688 2530 1765 2587; x_wconf 90' lang='lat' dir='ltr'>et</span> <span class='ocrx_word' id='word_1_41' title='bbox 1810 2511 2426 2611; x_wconf 88' lang='lat' dir='ltr'>philosophorum</span> <span class='ocrx_word' id='word_1_42' title='bbox 2474 2512 2825 2586; x_wconf 88' lang='lat' dir='ltr'>doctrinis</span> <span class='ocrx_word' id='word_1_43' title='bbox 2871 2537 3102 2611; x_wconf 90' lang='lat' dir='ltr'>oppo-</span> 
     </span>
     <span class='ocr_line' id='line_1_9' title="bbox 846 2633 3101 2732; baseline 0.001 -26"><span class='ocrx_word' id='word_1_44' title='bbox 846 2649 1137 2707; x_wconf 91' lang='lat' dir='ltr'>nuntur.</span> <span class='ocrx_word' id='word_1_45' title='bbox 1199 2633 1451 2707; x_wconf 88' lang='lat' dir='ltr'>Causa</span> <span class='ocrx_word' id='word_1_46' title='bbox 1504 2679 1607 2690; x_wconf 91' lang='lat'>—</span> <span class='ocrx_word' id='word_1_47' title='bbox 1666 2635 1871 2732; x_wconf 92' lang='lat' dir='ltr'>quod</span> <span class='ocrx_word' id='word_1_48' title='bbox 1918 2659 2143 2732; x_wconf 92' lang='lat' dir='ltr'>supra</span> <span class='ocrx_word' id='word_1_49' title='bbox 2188 2634 2335 2708; x_wconf 88' lang='lat' dir='ltr'>iam</span> <span class='ocrx_word' id='word_1_50' title='bbox 2392 2633 2710 2708; x_wconf 88' lang='lat' dir='ltr'>vidimus</span> <span class='ocrx_word' id='word_1_51' title='bbox 2756 2679 2858 2688; x_wconf 93' lang='lat'><strong>—</strong></span> <span class='ocrx_word' id='word_1_52' title='bbox 2908 2635 2978 2707; x_wconf 95' lang='lat' dir='ltr'>in</span> <span class='ocrx_word' id='word_1_53' title='bbox 3008 2660 3101 2709; x_wconf 99' lang='lat' dir='ltr'>eo</span> 
     </span>
     <span class='ocr_line' id='line_1_10' title="bbox 851 2755 3105 2855; baseline 0.001 -26"><span class='ocrx_word' id='word_1_54' title='bbox 851 2755 1096 2854; x_wconf 92' lang='lat' dir='ltr'>posita</span> <span class='ocrx_word' id='word_1_55' title='bbox 1141 2771 1276 2848; x_wconf 90' lang='lat' dir='ltr'>est,</span> <span class='ocrx_word' id='word_1_56' title='bbox 1327 2756 1530 2854; x_wconf 86' lang='lat' dir='ltr'>quod</span> <span class='ocrx_word' id='word_1_57' title='bbox 1559 2782 1740 2832; x_wconf 89' lang='lat' dir='ltr'>vera</span> <span class='ocrx_word' id='word_1_58' title='bbox 1770 2759 2193 2855; x_wconf 88' lang='lat' dir='ltr'>mythorum</span> <span class='ocrx_word' id='word_1_59' title='bbox 2223 2756 2359 2848; x_wconf 69' lang='grc' dir='ltr'>νίς,</span> <span class='ocrx_word' id='word_1_60' title='bbox 2392 2772 2468 2830; x_wconf 90' lang='lat' dir='ltr'>et</span> <span class='ocrx_word' id='word_1_61' title='bbox 2496 2756 2800 2831; x_wconf 90' lang='lat' dir='ltr'>omnino</span> <span class='ocrx_word' id='word_1_62' title='bbox 2830 2757 3105 2831; x_wconf 89' lang='lat' dir='ltr'>veritas</span> 
     </span>
     <span class='ocr_line' id='line_1_11' title="bbox 841 2875 3101 2978; baseline -0.001 -23"><span class='ocrx_word' id='word_1_63' title='bbox 841 2876 993 2970; x_wconf 84' lang='grc' dir='ltr'><strong>τοὺς</strong></span> <span class='ocrx_word' id='word_1_64' title='bbox 1021 2875 1298 2971; x_wconf 74' lang='grc' dir='ltr'>πολλούς</span> <span class='ocrx_word' id='word_1_65' title='bbox 1327 2877 1543 2954; x_wconf 90' lang='lat' dir='ltr'>latet:</span> <span class='ocrx_word' id='word_1_66' title='bbox 1580 2906 1728 2978; x_wconf 94' lang='lat' dir='ltr'>quo</span> <span class='ocrx_word' id='word_1_67' title='bbox 1761 2879 1866 2971; x_wconf 88' lang='lat' dir='ltr'>fit,</span> <span class='ocrx_word' id='word_1_68' title='bbox 1900 2896 1981 2953; x_wconf 92' lang='lat' dir='ltr'>ut</span> <span class='ocrx_word' id='word_1_69' title='bbox 2009 2905 2204 2977; x_wconf 92' lang='lat' dir='ltr'>quae</span> <span class='ocrx_word' id='word_1_70' title='bbox 2233 2879 2655 2976; x_wconf 87' lang='lat' dir='ltr'>acceperint</span> <span class='ocrx_word' id='word_1_71' title='bbox 2675 2878 2869 2954; x_wconf 90' lang='lat' dir='ltr'>male</span> <span class='ocrx_word' id='word_1_72' title='bbox 2890 2881 3101 2954; x_wconf 90' lang='lat' dir='ltr'>inter-</span> 
     </span>
     <span class='ocr_line' id='line_1_12' title="bbox 844 3001 3101 3101; baseline 0.001 -27"><span class='ocrx_word' id='word_1_73' title='bbox 844 3016 1226 3098; x_wconf 88' lang='lat' dir='ltr'>pretentur</span> <span class='ocrx_word' id='word_1_74' title='bbox 1274 3028 1362 3076; x_wconf 89' lang='lat' dir='ltr'>ac</span> <span class='ocrx_word' id='word_1_75' title='bbox 1410 3028 1609 3077; x_wconf 90' lang='lat' dir='ltr'>nova</span> <span class='ocrx_word' id='word_1_76' title='bbox 1657 3019 1733 3076; x_wconf 90' lang='lat' dir='ltr'>et</span> <span class='ocrx_word' id='word_1_77' title='bbox 1778 3002 2084 3101; x_wconf 86' lang='lat' dir='ltr'>indigna</span> <span class='ocrx_word' id='word_1_78' title='bbox 2128 3001 2515 3100; x_wconf 87' lang='lat' dir='ltr'>affingant.</span> <span class='ocrx_word' id='word_1_79' title='bbox 2563 3001 2891 3076; x_wconf 88' lang='lat' dir='ltr'>Huiusce</span> <span class='ocrx_word' id='word_1_80' title='bbox 2918 3028 3101 3076; x_wconf 90' lang='lat' dir='ltr'>vero</span> 
     </span>
     <span class='ocr_line' id='line_1_13' title="bbox 844 3123 3097 3227; baseline 0.003 -31"><span class='ocrx_word' id='word_1_81' title='bbox 844 3124 948 3197; x_wconf 90' lang='lat' dir='ltr'>rei</span> <span class='ocrx_word' id='word_1_82' title='bbox 1005 3149 1230 3198; x_wconf 88' lang='lat' dir='ltr'>causa</span> <span class='ocrx_word' id='word_1_83' title='bbox 1286 3140 1421 3216; x_wconf 81' lang='lat' dir='ltr'>est,</span> <span class='ocrx_word' id='word_1_84' title='bbox 1481 3124 1725 3223; x_wconf 92' lang='lat' dir='ltr'>quod</span> <span class='ocrx_word' id='word_1_85' title='bbox 1782 3124 2278 3198; x_wconf 87' lang='lat' dir='ltr'>multitudo</span> <span class='ocrx_word' id='word_1_86' title='bbox 2333 3123 2701 3197; x_wconf 87' lang='lat' dir='ltr'>omnino</span> <span class='ocrx_word' id='word_1_87' title='bbox 2748 3141 2889 3199; x_wconf 87' lang='lat' dir='ltr'>est</span> <span class='ocrx_word' id='word_1_88' title='bbox 2935 3125 3097 3227; x_wconf 84' lang='grc' dir='ltr'><strong>α’φι-</strong></span> 
     </span>
     <span class='ocr_line' id='line_1_14' title="bbox 846 3243 3096 3349; baseline -0 -27"><span class='ocrx_word' id='word_1_89' title='bbox 846 3243 1303 3349; x_wconf 65' lang='grc' dir='ltr'>λόσοφος,1)</span> <span class='ocrx_word' id='word_1_90' title='bbox 1376 3272 1423 3320; x_wconf 93' lang='lat' dir='ltr'>a</span> <span class='ocrx_word' id='word_1_91' title='bbox 1506 3245 2158 3344; x_wconf 90' lang='lat' dir='ltr'>philosophia</span> <span class='ocrx_word' id='word_1_92' title='bbox 2228 3246 2517 3343; x_wconf 91' lang='lat' dir='ltr'>plane</span> <span class='ocrx_word' id='word_1_93' title='bbox 2581 3247 3096 3321; x_wconf 90' lang='lat' dir='ltr'>abhorret:</span> 
     </span>
     <span class='ocr_line' id='line_1_15' title="bbox 843 3367 3095 3467; baseline 0.001 -26"><span class='ocrx_word' id='word_1_94' title='bbox 843 3393 937 3441; x_wconf 85' lang='lat' dir='ltr'>ex</span> <span class='ocrx_word' id='word_1_95' title='bbox 991 3369 1135 3442; x_wconf 89' lang='lat' dir='ltr'>hoc</span> <span class='ocrx_word' id='word_1_96' title='bbox 1180 3368 1338 3443; x_wconf 90' lang='lat' dir='ltr'>eius</span> <span class='ocrx_word' id='word_1_97' title='bbox 1383 3369 1562 3442; x_wconf 89' lang='lat' dir='ltr'>vitio</span> <span class='ocrx_word' id='word_1_98' title='bbox 1607 3369 1981 3467; x_wconf 86' lang='lat' dir='ltr'>primario,</span> <span class='ocrx_word' id='word_1_99' title='bbox 2032 3384 2112 3441; x_wconf 92' lang='lat' dir='ltr'>ut</span> <span class='ocrx_word' id='word_1_100' title='bbox 2155 3368 2258 3441; x_wconf 89' lang='lat' dir='ltr'>ita</span> <span class='ocrx_word' id='word_1_101' title='bbox 2305 3368 2572 3460; x_wconf 87' lang='lat' dir='ltr'>dicam,</span> <span class='ocrx_word' id='word_1_102' title='bbox 2604 3367 2889 3467; x_wconf 87' lang='lat' dir='ltr'>reliqua</span> <span class='ocrx_word' id='word_1_103' title='bbox 2917 3369 3095 3443; x_wconf 88' lang='lat' dir='ltr'>vitia</span> 
     </span>
     <span class='ocr_line' id='line_1_16' title="bbox 845 3489 2553 3588; baseline 0.001 -26"><span class='ocrx_word' id='word_1_104' title='bbox 845 3490 1196 3580; x_wconf 86' lang='lat' dir='ltr'>oriuntur,</span> <span class='ocrx_word' id='word_1_105' title='bbox 1253 3504 1330 3563; x_wconf 93' lang='lat' dir='ltr'>et</span> <span class='ocrx_word' id='word_1_106' title='bbox 1382 3514 1474 3564; x_wconf 87' lang='lat' dir='ltr'>ex</span> <span class='ocrx_word' id='word_1_107' title='bbox 1521 3490 1635 3563; x_wconf 90' lang='lat' dir='ltr'>his</span> <span class='ocrx_word' id='word_1_108' title='bbox 1686 3489 1862 3564; x_wconf 92' lang='lat' dir='ltr'>illud</span> <span class='ocrx_word' id='word_1_109' title='bbox 1919 3505 2255 3588; x_wconf 89' lang='lat' dir='ltr'>apparet.</span> <span class='ocrx_word' id='word_1_110' title='bbox 2310 3490 2511 3563; x_wconf 88' lang='lat' dir='ltr'>Nam</span> <span class='ocrx_word' id='word_1_111' title='bbox 2540 3521 2553 3564; x_wconf 90' lang='lat'>:</span> 
     </span>
    </p>
   </div>
   <div class='ocr_carea' id='block_1_5' title="bbox 842 3673 1227 3682">
    <p class='ocr_par' dir='ltr' id='par_1_6' title="bbox 842 3673 1227 3682">
     <span class='ocr_line' id='line_1_17' title="bbox 842 3673 1227 3682; baseline 0 0"><span class='ocrx_word' id='word_1_112' title='bbox 842 3673 1227 3682; x_wconf 95' lang='lat' dir='ltr'> </span> 
     </span>
    </p>
   </div>
   <div class='ocr_carea' id='block_1_6' title="bbox 842 3764 3111 4681">
    <p class='ocr_par' dir='ltr' id='par_1_7' title="bbox 842 3764 3111 4681">
     <span class='ocr_line' id='line_1_18' title="bbox 939 3764 3104 3833; baseline -0.001 -16"><span class='ocrx_word' id='word_1_113' title='bbox 939 3766 991 3833; x_wconf 80' lang='grc' dir='ltr'>ι)</span> <span class='ocrx_word' id='word_1_114' title='bbox 1029 3767 1153 3831; x_wconf 89' lang='lat' dir='ltr'>Ipso</span> <span class='ocrx_word' id='word_1_115' title='bbox 1206 3766 1307 3816; x_wconf 84' lang='lat' dir='ltr'>hoc</span> <span class='ocrx_word' id='word_1_116' title='bbox 1359 3764 1614 3815; x_wconf 79' lang='lat' dir='ltr'>vocabulo</span> <span class='ocrx_word' id='word_1_117' title='bbox 1667 3766 1828 3815; x_wconf 83' lang='lat' dir='ltr'>utitur</span> <span class='ocrx_word' id='word_1_118' title='bbox 1879 3765 2080 3830; x_wconf 74' lang='lat' dir='ltr'>PLATO,</span> <span class='ocrx_word' id='word_1_119' title='bbox 2126 3764 2179 3812; x_wconf 87' lang='lat' dir='ltr'>in</span> <span class='ocrx_word' id='word_1_120' title='bbox 2229 3764 2615 3815; x_wconf 84' lang='lat' dir='ltr'>multitudinem</span> <span class='ocrx_word' id='word_1_121' title='bbox 2663 3781 2803 3831; x_wconf 79' lang='lat' dir='ltr'>vero,</span> <span class='ocrx_word' id='word_1_122' title='bbox 2853 3775 3104 3831; x_wconf 83' lang='lat' dir='ltr'>quantum</span> 
     </span>
     <span class='ocr_line' id='line_1_19' title="bbox 843 3848 3105 3919; baseline -0 -16"><span class='ocrx_word' id='word_1_123' title='bbox 843 3853 1087 3918; x_wconf 83' lang='lat' dir='ltr'>equidem</span> <span class='ocrx_word' id='word_1_124' title='bbox 1129 3852 1256 3917; x_wconf 84' lang='lat' dir='ltr'>scio,</span> <span class='ocrx_word' id='word_1_125' title='bbox 1291 3867 1397 3901; x_wconf 94' lang='lat' dir='ltr'>non</span> <span class='ocrx_word' id='word_1_126' title='bbox 1436 3850 1665 3901; x_wconf 84' lang='lat' dir='ltr'>adhibet.</span> <span class='ocrx_word' id='word_1_127' title='bbox 1704 3852 1839 3901; x_wconf 86' lang='lat' dir='ltr'>Vide</span> <span class='ocrx_word' id='word_1_128' title='bbox 1876 3858 2049 3900; x_wconf 82' lang='lat' dir='ltr'>tamen</span> <span class='ocrx_word' id='word_1_129' title='bbox 2087 3865 2243 3914; x_wconf 89' lang='lat' dir='ltr'>quem</span> <span class='ocrx_word' id='word_1_130' title='bbox 2289 3849 2424 3899; x_wconf 80' lang='lat' dir='ltr'>infra</span> <span class='ocrx_word' id='word_1_131' title='bbox 2459 3848 2603 3916; x_wconf 84' lang='lat' dir='ltr'>(pag.</span> <span class='ocrx_word' id='word_1_132' title='bbox 2640 3851 2708 3915; x_wconf 88' lang='lat'>96</span> <span class='ocrx_word' id='word_1_133' title='bbox 2746 3852 2867 3901; x_wconf 82' lang='lat' dir='ltr'>adn.</span> <span class='ocrx_word' id='word_1_134' title='bbox 2906 3851 2963 3919; x_wconf 87' lang='lat'>2)</span> <span class='ocrx_word' id='word_1_135' title='bbox 2997 3853 3105 3902; x_wconf 83' lang='lat' dir='ltr'>lau-</span> 
     </span>
     <span class='ocr_line' id='line_1_20' title="bbox 844 3935 3105 4002; baseline -0 -14"><span class='ocrx_word' id='word_1_136' title='bbox 844 3940 963 3989; x_wconf 82' lang='lat' dir='ltr'>davi</span> <span class='ocrx_word' id='word_1_137' title='bbox 1009 3938 1184 3988; x_wconf 91' lang='lat' dir='ltr'>locum</span> <span class='ocrx_word' id='word_1_138' title='bbox 1234 3939 1369 4002; x_wconf 88' lang='lat' dir='ltr'>Rep.</span> <span class='ocrx_word' id='word_1_139' title='bbox 1422 3946 1522 4001; x_wconf 87' lang='lat'>523</span> <span class='ocrx_word' id='word_1_140' title='bbox 1544 3937 1587 3986; x_wconf 95' lang='lat' dir='ltr'>C</span> <span class='ocrx_word' id='word_1_141' title='bbox 1637 3953 1775 4002; x_wconf 85' lang='lat' dir='ltr'>sqq.,</span> <span class='ocrx_word' id='word_1_142' title='bbox 1824 3944 1876 3986; x_wconf 90' lang='lat' dir='ltr'>et</span> <span class='ocrx_word' id='word_1_143' title='bbox 1920 3951 2055 4001; x_wconf 80' lang='lat' dir='ltr'>quae</span> <span class='ocrx_word' id='word_1_144' title='bbox 2091 3935 2306 3984; x_wconf 82' lang='lat' dir='ltr'>adnotat</span> <span class='ocrx_word' id='word_1_145' title='bbox 2344 3936 2598 3985; x_wconf 71' lang='lat' dir='ltr'><strong>STALLB.:</strong></span> <span class='ocrx_word' id='word_1_146' title='bbox 2641 3936 2944 4001; x_wconf 80' lang='lat' dir='ltr'>„Sententia</span> <span class='ocrx_word' id='word_1_147' title='bbox 2977 3938 3105 3988; x_wconf 82' lang='lat' dir='ltr'>haec</span> 
     </span>
     <span class='ocr_line' id='line_1_21' title="bbox 845 4020 3107 4090; baseline -0 -15"><span class='ocrx_word' id='word_1_148' title='bbox 845 4034 950 4076; x_wconf 86' lang='lat' dir='ltr'>est:</span> <span class='ocrx_word' id='word_1_149' title='bbox 1002 4027 1271 4088; x_wconf 80' lang='lat' dir='ltr'>Quatenus</span> <span class='ocrx_word' id='word_1_150' title='bbox 1316 4024 1512 4089; x_wconf 86' lang='lat' dir='ltr'>digitus</span> <span class='ocrx_word' id='word_1_151' title='bbox 1561 4030 1638 4073; x_wconf 89' lang='lat' dir='ltr'>est</span> <span class='ocrx_word' id='word_1_152' title='bbox 1680 4023 1894 4088; x_wconf 79' lang='lat' dir='ltr'>digitus,</span> <span class='ocrx_word' id='word_1_153' title='bbox 1931 4022 2067 4071; x_wconf 87' lang='lat' dir='ltr'>nihil</span> <span class='ocrx_word' id='word_1_154' title='bbox 2103 4020 2259 4072; x_wconf 82' lang='lat' dir='ltr'>refert</span> <span class='ocrx_word' id='word_1_155' title='bbox 2295 4022 2363 4072; x_wconf 82' lang='lat' dir='ltr'>ad</span> <span class='ocrx_word' id='word_1_156' title='bbox 2398 4023 2723 4073; x_wconf 84' lang='lat' dir='ltr'>intellectum</span> <span class='ocrx_word' id='word_1_157' title='bbox 2759 4023 3107 4090; x_wconf 73' lang='lat' dir='ltr'>excitandum,</span> 
     </span>
     <span class='ocr_line' id='line_1_22' title="bbox 844 4109 3110 4177; baseline -0 -16"><span class='ocrx_word' id='word_1_158' title='bbox 844 4128 878 4177; x_wconf 91' lang='lat' dir='ltr'>q</span> <span class='ocrx_word' id='word_1_159' title='bbox 896 4111 1073 4161; x_wconf 80' lang='lat' dir='ltr'>ualis</span> <span class='ocrx_word' id='word_1_160' title='bbox 1122 4111 1213 4161; x_wconf 82' lang='lat' dir='ltr'>ille</span> <span class='ocrx_word' id='word_1_161' title='bbox 1250 4111 1346 4160; x_wconf 87' lang='lat' dir='ltr'>sit:</span> <span class='ocrx_word' id='word_1_162' title='bbox 1386 4111 1496 4160; x_wconf 81' lang='lat' dir='ltr'>sive</span> <span class='ocrx_word' id='word_1_163' title='bbox 1533 4109 1672 4159; x_wconf 89' lang='lat' dir='ltr'>enim</span> <span class='ocrx_word' id='word_1_164' title='bbox 1711 4124 1930 4174; x_wconf 79' lang='lat' dir='ltr'>magnus</span> <span class='ocrx_word' id='word_1_165' title='bbox 1968 4109 2077 4158; x_wconf 79' lang='lat' dir='ltr'>sive</span> <span class='ocrx_word' id='word_1_166' title='bbox 2116 4124 2320 4175; x_wconf 80' lang='lat' dir='ltr'>parvus,</span> <span class='ocrx_word' id='word_1_167' title='bbox 2356 4109 2466 4158; x_wconf 85' lang='lat' dir='ltr'>sive</span> <span class='ocrx_word' id='word_1_168' title='bbox 2502 4109 2616 4159; x_wconf 82' lang='lat' dir='ltr'>aliis</span> <span class='ocrx_word' id='word_1_169' title='bbox 2654 4110 2929 4160; x_wconf 85' lang='lat' dir='ltr'>virtutibus</span> <span class='ocrx_word' id='word_1_170' title='bbox 2968 4126 3110 4175; x_wconf 79' lang='lat' dir='ltr'>prae-</span> 
     </span>
     <span class='ocr_line' id='line_1_23' title="bbox 842 4195 3107 4262; baseline -0 -15"><span class='ocrx_word' id='word_1_171' title='bbox 842 4197 983 4247; x_wconf 89' lang='lat' dir='ltr'>ditus</span> <span class='ocrx_word' id='word_1_172' title='bbox 1032 4198 1118 4262; x_wconf 85' lang='lat' dir='ltr'>sit,</span> <span class='ocrx_word' id='word_1_173' title='bbox 1167 4212 1230 4247; x_wconf 91' lang='lat' dir='ltr'>eo</span> <span class='ocrx_word' id='word_1_174' title='bbox 1280 4213 1389 4248; x_wconf 88' lang='lat' dir='ltr'>non</span> <span class='ocrx_word' id='word_1_175' title='bbox 1437 4196 1670 4262; x_wconf 85' lang='lat' dir='ltr'>efficitur,</span> <span class='ocrx_word' id='word_1_176' title='bbox 1719 4204 1775 4245; x_wconf 87' lang='lat' dir='ltr'>ut</span> <span class='ocrx_word' id='word_1_177' title='bbox 1826 4211 2105 4260; x_wconf 78' lang='lat' dir='ltr'>magnae</span> <span class='ocrx_word' id='word_1_178' title='bbox 2154 4195 2632 4246; x_wconf 88' lang='lat' dir='ltr'>multitudinis</span> <span class='ocrx_word' id='word_1_179' title='bbox 2680 4196 2759 4246; x_wconf 82' lang='lat' dir='ltr'>ad</span> <span class='ocrx_word' id='word_1_180' title='bbox 2808 4196 3107 4262; x_wconf 86' lang='lat' dir='ltr'>philoso-</span> 
     </span>
     <span class='ocr_line' id='line_1_24' title="bbox 848 4282 3111 4350; baseline -0 -17"><span class='ocrx_word' id='word_1_181' title='bbox 848 4283 1185 4350; x_wconf 82' lang='lat' dir='ltr'>phandum</span> <span class='ocrx_word' id='word_1_182' title='bbox 1235 4284 1453 4333; x_wconf 89' lang='lat' dir='ltr'>minus</span> <span class='ocrx_word' id='word_1_183' title='bbox 1491 4282 1829 4348; x_wconf 85' lang='lat' dir='ltr'>proclivis</span> <span class='ocrx_word' id='word_1_184' title='bbox 1870 4282 1978 4331; x_wconf 80' lang='lat' dir='ltr'>vel</span> <span class='ocrx_word' id='word_1_185' title='bbox 2015 4283 2304 4333; x_wconf 81' lang='lat' dir='ltr'>idoneae</span> <span class='ocrx_word' id='word_1_186' title='bbox 2339 4298 2487 4332; x_wconf 89' lang='lat' dir='ltr'>mens</span> <span class='ocrx_word' id='word_1_187' title='bbox 2523 4284 2590 4333; x_wconf 79' lang='lat' dir='ltr'>ad</span> <span class='ocrx_word' id='word_1_188' title='bbox 2628 4284 2980 4348; x_wconf 79' lang='lat' dir='ltr'>quaerendum</span> <span class='ocrx_word' id='word_1_189' title='bbox 3018 4284 3111 4332; x_wconf 87' lang='lat' dir='ltr'>im·</span> 
     </span>
     <span class='ocr_line' id='line_1_25' title="bbox 851 4368 3108 4436; baseline 0.001 -19"><span class='ocrx_word' id='word_1_190' title='bbox 851 4373 1084 4433; x_wconf 43' lang='lat' dir='ltr'>pullutum</span> <span class='ocrx_word' id='word_1_191' title='bbox 1128 4373 1372 4433; x_wconf 64' lang='lat' dir='ltr'>quidnam</span> <span class='ocrx_word' id='word_1_192' title='bbox 1416 4369 1620 4417; x_wconf 61' lang='grc' dir='ltr'>ῑῑιῡιῖϋιῃ</span> <span class='ocrx_word' id='word_1_193' title='bbox 1668 4381 1840 4417; x_wconf 59' lang='lat' dir='ltr'>nalum</span> <span class='ocrx_word' id='word_1_194' title='bbox 1883 4385 1974 4418; x_wconf 70' lang='lat' dir='ltr'>sua</span> <span class='ocrx_word' id='word_1_195' title='bbox 2009 4369 2074 4418; x_wconf 87' lang='lat' dir='ltr'>sit</span> <span class='ocrx_word' id='word_1_196' title='bbox 2106 4368 2354 4436; x_wconf 78' lang='lat' dir='ltr'>digitus;”</span> <span class='ocrx_word' id='word_1_197' title='bbox 2383 4385 2502 4435; x_wconf 87' lang='lat' dir='ltr'>sqq.</span> <span class='ocrx_word' id='word_1_198' title='bbox 2526 4370 2766 4420; x_wconf 87' lang='lat' dir='ltr'>Cetemm</span> <span class='ocrx_word' id='word_1_199' title='bbox 2785 4371 2916 4435; x_wconf 79' lang='lat' dir='ltr'>ipsis</span> <span class='ocrx_word' id='word_1_200' title='bbox 2935 4371 3108 4421; x_wconf 79' lang='lat' dir='ltr'>verbis</span> 
     </span>
     <span class='ocr_line' id='line_1_26' title="bbox 847 4456 3106 4521; baseline 0 -16"><span class='ocrx_word' id='word_1_201' title='bbox 847 4469 1184 4521; x_wconf 45' lang='lat' dir='ltr'>zupponitnlur</span> <span class='ocrx_word' id='word_1_202' title='bbox 1236 4461 1368 4505; x_wconf 54' lang='lat' dir='ltr'>iuter</span> <span class='ocrx_word' id='word_1_203' title='bbox 1420 4477 1468 4501; x_wconf 46' lang='lat' dir='ltr'>aa·</span> <span class='ocrx_word' id='word_1_204' title='bbox 1528 4457 1955 4521; x_wconf 40' lang='lat' dir='ltr'>1³11ilr..=÷a12·=g=.hc.·rum</span> <span class='ocrx_word' id='word_1_205' title='bbox 1989 4462 2041 4506; x_wconf 85' lang='lat' dir='ltr'>et</span> <span class='ocrx_word' id='word_1_206' title='bbox 2077 4457 2177 4500; x_wconf 68' lang='grc' dir='ltr'>τῶν</span> <span class='ocrx_word' id='word_1_207' title='bbox 2209 4456 2410 4501; x_wconf 60' lang='grc' dir='ltr'><strong><em>πολλῶν</em></strong></span> <span class='ocrx_word' id='word_1_208' title='bbox 2445 4457 2663 4506; x_wconf 77' lang='lat' dir='ltr'>scientia</span> <span class='ocrx_word' id='word_1_209' title='bbox 2698 4456 2898 4506; x_wconf 77' lang='lat' dir='ltr'>Phileb.</span> <span class='ocrx_word' id='word_1_210' title='bbox 2939 4457 3005 4521; x_wconf 86' lang='lat'>56</span> <span class='ocrx_word' id='word_1_211' title='bbox 3026 4458 3106 4507; x_wconf 80' lang='lat' dir='ltr'>D:</span> 
     </span>
     <span class='ocr_line' id='line_1_27' title="bbox 843 4537 3109 4604; baseline 0.003 -19"><span class='ocrx_word' id='word_1_212' title='bbox 843 4541 1180 4597; x_wconf 57' lang='grc' dir='ltr'>Ἀρεΰμῌτικῇυ</span> <span class='ocrx_word' id='word_1_213' title='bbox 1232 4545 1416 4601; x_wconf 59' lang='grc' dir='ltr'>τρῖὺτῠν</span> <span class='ocrx_word' id='word_1_214' title='bbox 1468 4541 1520 4597; x_wconf 60' lang='lat' dir='ltr'>3ss</span> <span class='ocrx_word' id='word_1_215' title='bbox 1588 4541 1668 4585; x_wconf 59' lang='lat' dir='ltr'>§fise</span> <span class='ocrx_word' id='word_1_216' title='bbox 1720 4541 1876 4593; x_wconf 49' lang='lat' dir='ltr'>:fidas-Em·</span> <span class='ocrx_word' id='word_1_217' title='bbox 1921 4537 2011 4602; x_wconf 60' lang='grc' dir='ltr'>μίν</span> <span class='ocrx_word' id='word_1_218' title='bbox 2058 4555 2176 4587; x_wconf 59' lang='grc' dir='ltr'>τινα</span> <span class='ocrx_word' id='word_1_219' title='bbox 2218 4538 2310 4596; x_wconf 66' lang='grc' dir='ltr'>Τῆν</span> <span class='ocrx_word' id='word_1_220' title='bbox 2344 4546 2443 4589; x_wconf 56' lang='lat' dir='ltr'>‘rbi&#39;</span> <span class='ocrx_word' id='word_1_221' title='bbox 2477 4546 2677 4591; x_wconf 59' lang='lat' dir='ltr'>ranam</span> <span class='ocrx_word' id='word_1_222' title='bbox 2710 4540 2914 4604; x_wconf 58' lang='grc' dir='ltr'><strong><em>Φατέον,</em></strong></span> <span class='ocrx_word' id='word_1_223' title='bbox 2949 4539 3109 4598; x_wconf 55' lang='grc' dir='ltr'><strong><em>ἄλλην</em></strong></span> 
     </span>
     <span class='ocr_line' id='line_1_28' title="bbox 847 4617 1712 4681; baseline -0.005 -12"><span class='ocrx_word' id='word_1_224' title='bbox 847 4621 887 4669; x_wconf 66' lang='lat'>5¹</span> <span class='ocrx_word' id='word_1_225' title='bbox 927 4617 987 4669; x_wconf 59' lang='grc' dir='ltr'>αἱ·</span> <span class='ocrx_word' id='word_1_226' title='bbox 1028 4641 1116 4677; x_wconf 56' lang='grc' dir='ltr'>την</span> <span class='ocrx_word' id='word_1_227' title='bbox 1156 4629 1248 4669; x_wconf 60' lang='grc' dir='ltr'>τῶν</span> <span class='ocrx_word' id='word_1_228' title='bbox 1284 4621 1712 4681; x_wconf 62' lang='grc' dir='ltr'>-ᾥιὲ-εσῡῷῡὲμτωυ;</span> 
     </span>
    </p>
   </div>
   <div class='ocr_carea' id='block_1_7' title="bbox 3627 3430 3630 5225">
    <p class='ocr_par' dir='ltr' id='par_1_8' title="bbox 3627 3430 3630 5225">
     <span class='ocr_line' id='line_1_29' title="bbox 3627 3430 3630 5225; baseline 0 0"><span class='ocrx_word' id='word_1_229' title='bbox 3627 3430 3630 5225; x_wconf 95' lang='lat' dir='ltr'> </span> 
     </span>
    </p>
   </div>
   <div class='ocr_carea' id='block_1_8' title="bbox 3627 3430 3630 5523">
    <p class='ocr_par' dir='ltr' id='par_1_9' title="bbox 3627 3430 3630 5523">
     <span class='ocr_line' id='line_1_30' title="bbox 3627 3430 3630 5523; baseline 0 0"><span class='ocrx_word' id='word_1_230' title='bbox 3627 3430 3630 5523; x_wconf 95' lang='lat' dir='ltr'> </span> 
     </span>
    </p>
   </div>
  </div>
 </body>
</html>
