3717 5575
810 692 858 763 93

321 885 356 934 a.
387 860 483 934 Cum
511 862 557 936 sit
584 861 776 968 α’φιλθσοφος
804 863 1014 956 multitud0‚
1041 890 1132 939 vere
1155 863 1399 963 philosophos

269 1006 400 1079 parum
437 983 619 1083 intellegit
646 1001 685 1060 et
712 987 860 1085 saepius
887 985 1001 1061 falsas
1029 986 1077 1062 de
1104 987 1147 1061 iis
1176 988 1291 1063 babet
1319 989 1398 1087 opi·

270 1103 420 1179 niones:
458 1106 647 1181 Phaedon.
687 1114 737 1201 64
753 1108 790 1181 A
828 1134 934 1206 sqq.:
974 1104 1199 1188 Κινολννεύονσι
1235 1108 1300 1215 γᾶρ
1331 1110 1399 1190 ὅσοι

270 1225 487 1331 τυγχάνουσιν
516 1232 613 1333 ὀρθῶς
641 1230 812 1334 οἱπτίμενοι
839 1238 1025 1336 φιλοσοφίας
1053 1234 1219 1321 λεληθέναι
1241 1229 1316 1324 τοὺς
1339 1228 1400 1310 άλ-

271 1355 358 1441 λονς,
391 1350 437 1428 ἔτι
464 1347 557 1429 οὐδὲν
585 1347 668 1429 σ’έλλο
696 1349 787 1431 αὐτοὶ
815 1349 1049 1443 ἐπιτηδεύουσιν
1077 1353 1098 1436 ἢ
1128 1351 1342 1460 ἀποθνῄσκειν
1365 1387 1399 1432 τε

270 1479 326 1550 καὶ
361 1472 510 1553 τεθνάναι
528 1533 538 1551 .
554 1533 563 1552 .
580 1533 615 1550 ..
652 1478 708 1553 καὶ
746 1483 764 1551 o‘
795 1483 938 1580 Σιμμίας
963 1474 1129 1580 γελάσας·
1157 1472 1205 1563 ’νὴ
1232 1476 1286 1554 τθν
1314 1472 1398 1569 Δία’,

270 1590 339 1696 ἔφη,
369 1587 401 1671 ’έν
430 1595 605 1701 Σώκρατες,
633 1593 670 1674 οὐ
698 1593 782 1676 πάνυ
810 1598 852 1701 γέ
874 1629 915 1700 με
939 1606 996 1674 νῦν
1018 1603 1226 1700 γελασείοντα
1249 1600 1399 1689 ἐποίησας

268 1717 416 1819 γελάσαι.
452 1717 543 1821 οἶμαι
570 1714 635 1823 γάρ
663 1717 704 1797 ἂν
732 1719 775 1805 δὴ
805 1717 880 1811 τοὺς
907 1716 1047 1811 πολλοὺς
1076 1717 1154 1797 αὐτὸ
1181 1728 1273 1797 τοῦτο
1301 1714 1399 1797 α’κοθ·

271 1871 394 1932 σαντας
421 1844 528 1919 δοκεῖν
556 1828 589 1919 εὖ
618 1838 702 1921 πάνυ
730 1847 871 1946 εἰρῆσθαι
898 1848 942 1933 είς
968 1840 1042 1934 τοὺς
1071 1849 1320 1946 φιλοσοφοῦντας
1343 1849 1400 1920 καὶ

272 1961 438 2065 ξνμφάναι
466 1961 508 2043 ἂν
535 1960 609 2055 τοὺς
636 1963 695 2067 μὲν
723 1960 798 2067 παρ’
825 1970 905 2067 ημῖν
935 1961 1117 2068 α’νθρῶπονς
1146 1969 1202 2041 καὶ
1231 1962 1328 2054 πάνυ,
1353 1947 1399 2040 ὅτι

269 2099 312 2183 τῷ
341 2083 405 2162 ’σ’ντι
428 2089 457 2162 οί
480 2092 719 2190 φιλοσοφοῦντες
742 2091 903 2165 θανατώσι
927 2091 983 2163 καί
1006 2096 1088 2190 σφοῖς
1110 2117 1147 2189 γε
1161 2082 1198 2163 οὐ
1214 2087 1399 2177 λελήθασιν,

272 2205 318 2284 ἔτι
347 2203 436 2300 σ’ίξιοί
453 2214 528 2286 εἰσιν
555 2216 646 2286 τοῦτο
674 2204 834 2311 πάσχειν.’
861 2205 927 2287 ’καὶ
955 2208 1064 2298 αληθῆ
1091 2204 1123 2312 γ’
1142 2206 1183 2286 ἂν
1212 2207 1344 2310 λέγοιεν,
1375 2197 1400 2283 έν

272 2337 407 2433 Σιμμία,
430 2333 516 2416 πλήν
539 2363 576 2434 γε
597 2340 654 2408 τοῦ
675 2343 758 2435 σφοῖς
779 2330 827 2435 μὴ
844 2332 1021 2421 λεληθέναι.
1038 2333 1173 2420 λέληθεν
1187 2324 1254 2434 γάρ
1268 2324 1398 2421 αὐτούς,

273 2445 293 2554 ᾗ
319 2484 352 2529 τε
379 2458 540 2533 θανατώσι
564 2461 620 2532 καί
647 2448 666 2557 ᾗ
690 2451 780 2547 άξιοί
798 2459 873 2532 εἰσιν
896 2450 1037 2532 θανάτου
1063 2450 1131 2555 [καὶ
1154 2455 1221 2532 οἷον
1246 2449 1398 2553 θανάτου]

271 2578 300 2652 οἱ
329 2580 372 2667 ὡς
395 2575 526 2668 άληθῶς
547 2577 722 2681 φιλέσοφοι.
742 2583 854 2668 κ.τ.λ.,
869 2592 908 2651 et
923 2602 997 2674 qua
1012 2591 1068 2651 est
1082 2574 1236 2650 stultitia
1250 2574 1401 2649 irridere

273 2724 356 2771 cum
380 2698 500 2773 soleat
523 2725 569 2774 ea
593 2726 691 2799 quae
715 2725 789 2774 non
813 2697 1005 2799 intellegit,
1020 2696 1177 2773 ludibrio
1191 2723 1258 2772 eos
1273 2698 1399 2789 habet,

274 2823 413 2920 quippe
449 2849 532 2898 cum
569 2849 698 2898 eorum
736 2849 860 2898 mores
895 2823 945 2897 ab
982 2823 1095 2921 ipsius
1131 2821 1400 2897 consuetudine

273 2943 384 3042 plane
412 2946 485 3021 sint
512 2947 668 3021 diversi:
698 2946 856 3022 Theaet.
888 2966 957 3041 175
976 2945 1027 3019 B:
1052 2949 1084 3023 ἐν
1109 2939 1210 3024 άπασι
1224 2944 1267 3031 δὴ
1282 2939 1404 3034 τούτοις

275 3064 384 3168 [quae
407 3084 520 3144 antea
543 3086 628 3145 sunt
651 3067 761 3171 dicta}
785 3100 955 3161 οτοιοντος
969 3067 1030 3146 nni
1043 3099 1106 3145 των
1121 3074 1248 3145 πολλῶν
1265 3087 1403 3169 καταγε-

274 3197 383 3282 λᾶται,
410 3187 451 3269 τά
479 3190 538 3295 μὲν
565 3189 772 3297 ὑπερηφάνως
799 3189 897 3296 ἔχων,
926 3196 970 3282 ὡς
997 3192 1097 3280 δοκεῖ,
1125 3184 1166 3267 τολ
1195 3185 1226 3266 θ’
1249 3191 1281 3265 έν
1309 3195 1400 3267 ποσὶν

274 3312 400 3416 σίγνοῶν
428 3346 460 3392 τε
487 3322 544 3392 καὶ
571 3317 603 3391 ἐν
632 3312 778 3406 ἑκάστοις
805 3313 946 3419 οἷπορῶν.
970 3312 1027 3385 Cf.
1059 3311 1176 3406 174ss
1199 3336 1304 3408 sqq.:
1328 3323 1404 3388 Τοι-

273 3432 397 3540 γάρτοι,
426 3426 450 3512 έν
479 3442 560 3540 φίλε,
591 3439 658 3540 ι’δίφι
685 3468 717 3513 τε
740 3435 992 3539 σνγγιγνίμενος
1015 3442 1033 3511 ο*
1054 3443 1193 3526 τοιοῦτος
1207 3431 1331 3537 ἑκάστῳ
1346 3440 1403 3511 καὶ

274 3560 430 3661 δημοσίᾳ,
455 3557 529 3660 ὅπερ
556 3557 737 3662 οἶρχίμενος
763 3555 887 3661 έλεγον,
915 3557 993 3634 ὅταν
1022 3558 1054 3633 έν
1077 3558 1273 3659 δικαστηρίῳ
1297 3553 1318 3639 ἠ
1341 3586 1400 3633 που

276 3676 390 3758 άλλοθι
414 3682 611 3788 ἀναγκασθῇ
639 3687 705 3785 περὶ
731 3695 793 3756 τών
821 3675 911 3782 παρὰ
936 3679 1041 3771 πίθας
1064 3685 1120 3755 καὶ
1144 3693 1206 3755 τῶν
1230 3679 1262 3753 ἐν
1285 3678 1403 3779 σ’φθαλ·

273 3813 347 3905 μοῖς
384 3806 601 3906 διαλέγεσθαι,
633 3804 761 3907 γελωτα
788 3803 920 3907 παρέχει
943 3797 980 3879 οὐ
1003 3800 1106 3904 μένον
1128 3796 1289 3903 Θρᾴτταις
1313 3791 1402 3875 αλλολ

276 3932 333 4003 καὶ
373 3941 415 4031 τῷ
455 3920 546 4028 άλλῳ
585 3924 687 4030 θχλῳ,
726 3929 769 4015 εἰς
804 3922 927 4028 φρέατά
959 3955 992 4000 τε
1028 3925 1086 4000 καὶ
1122 3931 1231 3999 πᾶσαν
1268 3919 1404 4024 α’πορίαν

276 4050 435 4152 ἐμπίπτων
472 4048 532 4125 ὑπὸ
568 4046 723 4152 οἷπειρίας,
761 4053 817 4123 καὶ
852 4051 874 4131 ἡ
911 4040 1131 4149 σίσχημοσίνη
1168 4043 1271 4134 δεινή,
1299 4041 1402 4135 δόξαν

275 4170 462 4276 οἷβελτεριάς
488 4172 693 4275 παρεχομένη
722 4176 822 4247 κ.τ.λ.

326 4297 357 4369 b.
388 4294 484 4367 Cum
512 4293 558 4367 sit
581 4292 774 4395 ἀφιλόσοφος
798 4289 996 4364 multitudo
1021 4313 1090 4362 nec
1113 4287 1253 4361 habeat
1275 4291 1402 4389 σοφίαν,

274 4414 362 4491 nihil
403 4432 528 4491 autem
570 4416 752 4521 οἰκειότερον
793 4414 840 4487 sit
879 4418 974 4516 σοφία
1014 4410 1180 4503 αληθείας,
1189 4406 1217 4507 ¹)
1259 4409 1294 4483 in
1331 4409 1406 4482 uni·

322 4634 434 4706 1)Rep.
458 4632 510 4700 485
521 4634 557 4684 C:
575 4629 612 4679 Ἠ
630 4624 671 4679 οὖν
688 4628 834 4689 οἰκειότερον
851 4625 929 4691 σοφίᾳ
945 4643 972 4673 τι
989 4622 1104 4682 ἀληθείας
1120 4622 1150 4673 tv
1168 4621 1259 4684 ιθροιςι
1276 4620 1324 4671 Kal
1341 4624 1406 4680 πθςι

194 4714 198 4719 ’
272 4719 379 4781 ἥδ’θς.
